1390 2586
49 102 118 129 m.
134 103 157 128 1.
170 93 217 138 a]
318 127 329 141 ⁴
480 93 850 125 INTERPRETATIO.
1211 90 1288 133 195

51 206 164 237 qnam,
187 195 245 227 hoo
266 194 420 235 inceptum
446 195 586 230 differre3
609 194 688 234 fugit
715 193 911 233 irreparabile
940 193 1131 232 tempus.’—
1145 190 1286 232 [adhibe]

51 241 148 271 ‘dum
163 239 334 271 adolescens
349 248 392 274 es,
415 238 493 268 liber
512 239 612 268 adhuc
632 248 650 268 a
665 238 756 273 vitiis,
777 237 884 267 libenti
899 237 1003 266 animo
1023 236 1182 275 sapientiae
1206 245 1285 274 prae-

50 288 139 323 copto
154 281 307 315 ausculta!
330 282 394 311 Cic.
407 282 446 311 de
463 281 556 311 Finn.
572 281 601 317 3,
617 282 646 318 2,
668 282 829 312 combibere
844 277 1106 320 artes.—[puer]
1131 284 1164 308 ut
1180 279 1238 308 Od.
1253 279 1285 314 4,

52 325 82 364 l.
98 325 148 362 15,
164 325 274 357 Fabius
289 325 444 355 Maximus
467 329 582 356 centum
602 335 677 363 puer
696 326 816 354 artium.
860 323 910 354 Sic
924 323 1008 352 enim
1026 321 1287 362 ὑποκοριστικῶς

50 379 71 400 ι
90 368 287 401 huin-ribus
310 369 543 408 appellabantur
565 369 772 398 adolescentes
788 375 843 397 xx.
864 371 894 396 et
913 367 1016 406 plures
1039 375 1136 396 annos
1158 365 1231 396 nati.
1244 382 1287 388 —

53 409 252 454 [mantibus]
277 411 426 450 ‘quorum
450 411 643 451 prudentiam
664 421 699 441 ac
715 411 842 440 virtutes
856 415 890 440 tu
906 410 986 439 ultro
1001 409 1160 448 agnoscis.'
1206 409 1286 447 Epp-

52 454 191 492 1,l,48‚
206 455 320 484 meliori
340 456 459 485 credere
479 465 534 484 non
555 451 791 494 oisP—[offer]
815 454 923 492 ‘Roga
945 463 1007 490 eos,
1030 459 1065 483 ut
1086 458 1115 482 te
1138 452 1288 487 doceant3

50 497 113 530 noli
126 503 312 536 exspectare,
328 499 402 528 dum
417 504 446 528 te
462 497 628 528 moneant.’
673 499 768 527 Schol-

89 539 225 577 68—70.
249 539 378 581 [imbuta
393 539 508 580 recens]
527 541 623 576 Philo,
639 540 730 572 Quod
746 541 823 570 liber
837 539 885 576 sit,
901 539 1038 578 quisquis
1054 539 1160 568 virtuti
1176 539 1289 575 studet,

49 593 80 624 Ρ.
99 583 171 620 671,
192 582 302 625 ὥσπερ
326 582 390 624 γάρ
414 589 492 624 φασι
515 583 557 614 τὰ
581 581 658 614 κενὰ
682 585 751 614 τῶν
774 581 918 623 ἀγγείων
943 580 1116 623 ἀναφέρειν
1140 580 1201 618 τὰς
1221 582 1288 612 τῶν

49 626 190 667 πρώτων
205 625 251 663 εἰς
265 626 352 657 αὐτὰ
367 625 579 668 ε’γχυὲέντων
591 626 706 668 ὀσμὰς,
717 624 802 656 οὕτω
818 625 872 656 καὶ
888 623 920 655 αἱ
935 627 1003 656 τῶν
1019 623 1103 656 νέων
1118 622 1235 665 ψυχαί.
1245 640 1289 648 —·

50 666 156 712 [Quod
169 671 195 701 εἰ
209 669 322 710 cessas]
346 671 508 700 ‘Ceterum
525 677 678 700 memento
699 680 746 699 me
771 671 875 699 omnia
894 669 960 699 haec
982 674 1134 708 praecepta
1157 668 1212 698 tibi
1234 669 1288 698 tufi.

48 717 168 745 tantum
187 714 288 752 gratia
311 713 488 749 tradidisse;
513 714 673 744 consilium
696 723 801 743 meum
825 713 940 747 habes;
963 722 1045 742 nunc
1069 718 1102 742 tu
1126 712 1183 750 fac,
1205 712 1288 750 quod

47 755 105 789 tihi
119 757 237 796 placet:
260 757 284 787 si
301 757 458 795 negligens
473 757 543 794 eris,
559 762 611 786 tua
625 767 672 786 res
686 763 809 795 agetur;
835 757 883 786 sin
900 757 982 786 velut
1003 756 1110 794 auriga
1132 755 1164 785 in
1188 762 1287 785 certa-

49 799 133 831 mine
150 809 198 829 me
214 800 412 839 praecesseris,
433 805 553 840 gratum
570 800 676 839 utique
697 799 773 829 mihi
790 799 864 833 erit:
888 809 944 837 ego
967 804 1080 835 tamen,
1100 799 1150 829 cui
1173 805 1288 828 certam

48 843 204 882 quandam
219 843 299 872 viam
314 853 349 873 ac
363 843 510 873 rationem
526 843 557 872 in
572 844 656 873 omni
672 844 742 873 mea
753 843 815 872 vita
831 843 966 881 regenda
979 848 1082 872 tenere
1097 842 1287 881 propositum

49 890 104 922 eet,
127 895 286 925 nunquam
300 887 504 925 negligentior
518 886 588 916 fiam
604 892 766 926 propterea
787 887 871 925 quod
886 891 916 916 te
931 885 1043 915 aliosve
1059 885 1181 915 differre
1197 891 1289 924 atque

49 929 190 959 omittere
213 939 292 959 verae
321 930 478 969 sapientise
505 930 607 960 studia
631 930 760 966 videam,
791 939 890 968 neque
915 929 985 958 ideo
1011 929 1093 968 quod
1117 929 1168 958 alii
1193 928 1288 958 nimio

50 971 176 1003 fortasse
190 973 297 1003 ardore
317 973 350 1003 in
369 974 406 1003 ea
428 973 620 1010 incumbunt,
640 973 738 1012 magis
761 983 853 1012 quam
877 973 955 1002 ratio
977 972 1053 1001 mihi
1076 973 1193 1009 suadet,
1209 972 1289 1002 vires

49 1024 133 1046 meas
147 1016 326 1046 contendam
342 1026 376 1046 ac
390 1022 515 1056 propter
532 1017 589 1046 hoc
604 1017 784 1046 conficiam.y
829 1015 985 1054 Singulari
1005 1021 1109 1045 autem
1129 1022 1206 1052 arte,
1228 1024 1289 1055 quo

49 1058 148 1090 omniu
162 1059 277 1090 offensa
287 1059 448 1097 devitetur,
459 1061 696 1100 praecedentibus
711 1059 794 1097 dicit,
810 1070 870 1089 non
882 1059 1076 1099 praecedenti.

523 1154 731 1184 EPISTOLA
754 1154 816 1184 111.

92 1229 229 1260 Ancum.
258 1230 377 1260 Julium
414 1231 548 1267 Florum,
577 1230 756 1261 familiarem
791 1241 891 1267 suum,
921 1236 994 1261 tunc
1031 1230 1176 1270 temporis
1209 1230 1291 1260 inter

49 1274 174 1304 comites
200 1273 315 1304 Tiberii
337 1274 478 1310 Neronis,
502 1281 532 1304 Α.
549 1282 581 1304 υ.
597 1282 627 1304 e.
649 1274 722 1310 734,
747 1274 778 1304 in
795 1275 954 1305 Orientem
976 1276 1014 1304 ab
1030 1275 1170 1314 Augusto
1194 1274 1290 1311 missi,

49 1322 252 1356 percontatur,
275 1317 350 1355 quid
366 1317 516 1352 Tiberius,
538 1317 613 1356 quid
635 1327 811 1348 communes
834 1318 933 1354 amici,
957 1318 1033 1356 quid
1053 1318 1116 1357 ipse
1133 1323 1204 1356 agat
1220 1321 1289 1356 (vv.

51 1358 180 1399 1-25),
195 1360 234 1389 ad
248 1360 406 1399 sapientiae
421 1360 557 1390 studium
572 1360 683 1390 excitat
699 1359 765 1399 (vv.
783 1359 936 1399 25—30),
951 1367 1140 1399 postremum
1162 1367 1196 1390 ut
1219 1370 1289 1390 cum

50 1402 202 1438 Munatio,
213 1403 366 1433 communi
376 1403 482 1439 amico,
493 1402 524 1433 in
537 1403 666 1442 gratiam
677 1405 790 1440 redeat,
800 1404 898 1434 amice
910 1404 1048 1434 hortatur
1059 1401 1126 1444 (vv.
1136 1402 1291 1443 30—35).

50 1445 129 1478 Zell.
163 1445 267 1477 “Fuit
290 1447 458 1476 Satirarum
477 1446 615 1486 scriptor,
634 1449 720 1486 cujus
743 1453 814 1477 sunt
836 1448 939 1477 electae
962 1457 1000 1477 ex
1024 1447 1135 1483 Ennio,
1161 1447 1291 1486 Lucilio,

50 1488 219 1520 vmone.”
241 1490 351 1528 Porph.
384 1490 476 1519 Haud
490 1490 732 1529 improbabiliter
747 1491 784 1520 de
803 1491 891 1520 Floro
906 1491 1071 1530 disputavit
1088 1490 1290 1525 Weichertus,

51 1531 135 1563 Poet.
152 1532 219 1563 Lat.
234 1542 263 1572 p.
281 1532 343 1563 366
357 1543 432 1572 seq„
450 1533 533 1563 unde
556 1543 639 1572 seqq.
663 1534 871 1572 excerpimus:
897 1535 916 1549 ‘⁴
930 1534 978 1563 Ita
1000 1534 1176 1565 Scholiastae
1198 1535 1292 1563 verba

50 1575 251 1614 intelligenda
265 1585 330 1606 esse
345 1582 428 1615 puto,
444 1582 478 1606 ut
494 1575 619 1606 Florum
636 1586 673 1606 ex
689 1577 801 1614 Ennio,
820 1576 947 1614 Lucilio,
963 1577 1110 1614 Varrone,
1125 1587 1201 1615 quos
1217 1587 1289 1606 con-

50 1623 112 1649 am
125 1619 278 1659 scripsisse
294 1619 416 1655 Satiras,
433 1620 645 1658 praestantiora
659 1620 795 1650 carmina
809 1621 936 1658 elegisse
954 1630 1051 1659 eaque
1067 1620 1193 1650 fortasse
1209 1620 1290 1650 auti-

51 1661 176 1700 qnitntis
190 1662 290 1700 rigore
305 1663 505 1701 sordibusque
521 1663 674 1699 abstersis,
695 1669 726 1693 et
746 1664 956 1693 emendatiora
970 1670 1001 1693 et
1022 1663 1210 1702 elegantiora
1224 1663 1290 1693 edi-

52 1703 133 1742 dim
147 1710 315 1737 statuamus
325 1706 355 1736 :”
377 1705 440 1744 (vel
455 1706 553 1736 dicam
569 1707 669 1746 potius
686 1706 718 1735 in
733 1716 770 1736 eo
785 1707 965 1742 elaborasse,
991 1712 1024 1736 ut
1039 1707 1159 1736 illorum
1177 1706 1290 1736 Satiras

51 1748 182 1783 mimoni
206 1749 370 1788 captuique
392 1749 555 1787 oequalium
577 1759 703 1780 suorum
724 1750 822 1788 magis
843 1748 1028 1789 adaptaret.)
1060 1751 1079 1766 “
1093 1749 1174 1780 Hinc
1197 1749 1291 1789 igitur

50 1789 177 1822 &rasse
192 1790 304 1821 factum
319 1797 365 1821 est
380 1798 415 1821 ut
430 1793 538 1822 Florus
552 1791 616 1831 ipse
633 1793 802 1823 Satirarum
817 1794 944 1833 scriptor
959 1793 1195 1833 appellaretur.”
1240 1794 1289 1823 Ex

52 1832 91 1868 il:
101 1834 208 1874 utique
221 1834 339 1864 Horatii
351 1835 550 1865 familiaribus
561 1835 627 1871 fuit,
642 1846 717 1875 quos
732 1838 770 1866 ob
785 1837 942 1875 ingenium
955 1843 1046 1876 atque
1059 1837 1160 1866 studia
1171 1836 1291 1875 poetica

51 1875 136 1951 gaud
150 1878 236 1927 parvi
251 1878 424 1908 aestimaret.
455 1877 518 1909 Cfr.
535 1879 612 1919 Epp.
626 1879 656 1916 2,
669 1881 698 1916 2,
710 1889 804 1919 prope
819 1881 967 1910 decennio
982 1886 1051 1920 post
1066 1880 1145 1910 hanc
1160 1880 1198 1909 ad
1213 1889 1290 1909 eun-

73 1929 124 1950 em
138 1929 271 1950 mlssam.

96 1962 188 1994 2—4.
213 1959 396 2004 [claudius]
432 1964 589 2003 Augustus
618 1965 787 2002 Tiberium,
817 1973 849 1995 Α.
870 1974 902 1996 u.
924 1975 953 1996 c.
977 1965 1048 2002 734,
1073 1965 1105 1995 in
1130 1965 1290 1995 Orientem

53 2005 188 2043 miserat,
206 2013 239 2036 ut
249 2007 413 2045 Tigranem
428 2007 459 2037 in
471 2008 623 2038 Armeniae
634 2018 764 2046 regnum
776 2009 804 2039 ei
819 2010 925 2039 datum
938 2011 1111 2040 deduceret.
1134 2009 1211 2038 Vell.
1224 2009 1290 2039 Pat.

59 2083 61 2085 ,
97 2047 356 2090 Μ-[Ακςιωίὶ
367 2049 537 2090 privignus]
559 2051 608 2081 Sic
623 2051 746 2082 honoris
761 2053 852 2082 causa
866 2063 938 2082 eum
953 2053 1098 2092 appellat,
1108 2052 1222 2091 quippe
1236 2051 1289 2091 qui

84 2128 87 2129 ⁷
118 2102 135 2123 c
149 2092 320 2132 Epistolam
341 2094 473 2123 lecturus
488 2099 575 2124 esset.
614 2095 778 2125 Florebant
793 2097 885 2126 etiam
907 2103 980 2126 tunc
995 2097 1028 2126 C.
1045 2101 1076 2125 et
1092 2096 1126 2125 L.
1144 2097 1290 2131 Caesares,

46 2130 200 2176 ¹“rippae
216 2146 254 2166 ex
268 2136 352 2166 Julia
369 2137 432 2173 filii,
446 2137 576 2175 Augusti
591 2145 724 2177 nepoteS,
738 2140 775 2168 ab
786 2139 843 2169 hoc
854 2139 989 2178 adoptati
1002 2151 1008 2174 ;
1026 2139 1183 2168 Tiberium
1194 2139 1291 2178 adop-

57 2178 132 2218 ‘Quit
142 2179 266 2209 demum
275 2189 301 2209 a.
314 2179 386 2215 757.
393 2196 433 2203 -
442 2178 595 2220 [Thraca]
612 2181 709 2211 forma
718 2182 844 2220 poetica,
855 2179 1021 2223 Θρῇκη.--
1028 2180 1174 2222 [vinctus]
1193 2183 1212 2198 “
1220 2182 1290 2212 nive

57 2220 207 2304 wass
241 2223 336 2253 Scliol.
368 2223 477 2262 Cogita
498 2224 535 2253 de
551 2223 644 2253 fluvio
663 2222 923 2265 dem—[turres]
948 2227 966 2242 ‘⁶
981 2225 1082 2255 Herus
1101 2231 1131 2255 et
1148 2225 1291 2256 Leandri.

86 2298 105 2303 ⁴,
152 2265 259 2296 Seston
275 2272 305 2295 et
316 2266 447 2305 Abydon
464 2266 600 2296 medium
615 2272 662 2296 est
673 2268 863 2307 Hellesponti
878 2268 1019 2298 fretum.”
1044 2269 1188 2309 Porphyr.
1212 2270 1290 2301 Quae

58 2306 220 2349 mentio
239 2309 436 2339 confirmatur
450 2310 543 2340 etiam
560 2311 727 2346 Strabonis,
744 2311 792 2347 13,
809 2312 859 2346 22,
875 2312 940 2341 loco
956 2313 993 2341 de
1010 2311 1167 2350 utriusque
1185 2312 1290 2351 oppidi

59 2346 133 2390 Q
147 2351 184 2385 dc
199 2349 340 2394 πύργοις
353 2358 385 2383 et
399 2363 489 2384 cursu
503 2363 669 2392 aquarum:
695 2353 766 2396 περὶ
781 2354 839 2385 τοῦ
854 2351 913 2396 ῥοῦ
930 2353 964 2386 ἐκ
978 2355 1038 2394 τῆς
1053 2352 1293 2397 Προποντίδος.
