1390 2586
0 0 9 98 l,
365 58 629 88 SA’rmARUM
659 57 749 86 ΜΒ.
772 57 822 85 11.
845 47 883 85 6.
1199 49 1254 88 47

0 164 152 209 &Sermo
171 161 298 204 oritur
318 175 398 202 non
421 159 472 202 de
493 160 599 202 villis
620 159 859 202 domibusve
879 159 1037 209 alienis,

0 218 110 275 Nec,
132 219 232 262 male
253 233 384 260 necne
407 217 545 274 Lepos
560 218 706 267 saltet3
728 217 812 267 sed,
828 217 935 272 quod
959 216 1088 274 magis
1107 217 1158 260 ad
1179 233 1254 261 nos

0 277 206 327 l⁴.²ertinet,
229 285 271 319 et
290 275 449 317 nescire
470 276 622 317 malum
645 285 719 325 est,
742 275 970 331 agitamus:
1004 285 1196 318 utrumne

0 335 176 387 Divitiis
197 333 394 382 homines,
417 349 468 375 an
490 333 572 375 sint
594 333 743 375 virtute
765 332 897 382 beati,

0 392 170 445 {Quidve
190 392 241 434 ad
261 391 471 441 amicitias,
496 406 592 432 usus
612 401 836 440 rectumne,
860 389 992 432 trahat
1012 406 1085 432 nos
1097 407 1108 440 3
1199 395 1252 433 75

0 447 64 497 Εἰ
81 465 173 506 quae
193 449 246 491 sit
265 458 410 491 natura
430 449 539 499 boni,
562 463 849 503 summumque
871 448 969 503 quid
992 449 1094 505 ejus.

0 504 178 554 Qui-vius
198 507 285 549 haec
305 507 412 548 inter
432 507 590 548 vicinus
609 506 737 562 garrit
756 506 886 547 aniles

0 560 73 615 l&
91 580 136 607 re
156 564 336 607 fabellas.
400 564 444 606 Si
466 564 557 620 quis
578 579 671 605 nam
694 563 831 605 laudat
852 563 982 605 Arelli

0 621 208 667 *filicitas
228 623 395 679 ignarus
415 637 526 678 opes,
549 621 607 663 sic
627 621 773 677 incipit
790 637 798 662 :
834 621 946 662 Olim

0 680 200 730 Rusticus
221 680 420 721 urbanum
443 694 599 720 murem
622 694 713 720 mus
734 694 914 734 paupere
935 679 1063 720 fertur
1197 685 1252 724 80

0 737 225 794 Αεοερίεεθ
246 753 358 787 cavo,
382 745 561 778 veterem
582 746 699 778 vetus
721 736 867 792 hospes
887 737 1089 787 amicum3

0 796 139 852 Nuper
158 806 201 838 et
219 804 400 837 attentus
422 794 617 850 quaesitis,
641 803 687 835 ut
707 803 842 835 tamen
864 803 1020 837 aretum

0 853 191 908 &lveret
209 852 394 909 hospitiis
413 853 608 894 animum.
670 851 783 900 Quid
805 852 966 894 multa?
996 867 1131 909 neque
1154 853 1222 895 ille

0 909 185 967 &positi
206 910 348 952 ciceris
369 925 446 951 nec
466 909 602 966 longae
622 909 770 951 invidit
790 925 944 960 avenae,

5 968 177 1011 Aridum
199 977 242 1010 et
261 983 330 1009 ore
351 968 487 1009 ferens
506 967 668 1008 acinum
691 982 929 1023 semesaque
951 968 1054 1011 lardi
1196 973 1250 1011 85

0 1023 150 1077 leusta
170 1025 295 1075 dedit,
318 1025 487 1081 cupiens
508 1025 619 1066 varia
641 1025 802 1066 fastidia
822 1026 939 1074 coena

0 1079 180 1129 fflncere
202 1083 409 1140 tangentis
429 1083 535 1124 male
556 1082 718 1139 singula
739 1082 862 1124 dente
884 1083 1083 1139 superbo:

0 1139 144 1193 Quum
167 1149 280 1197 pater
301 1141 388 1197 ipse
410 1141 553 1182 domus
574 1140 690 1196 palea
714 1150 923 1196 porrectus
943 1142 986 1182 in
1007 1141 1136 1185 horna

0 1197 124 1242 'Esset
143 1199 241 1240 ador
261 1198 499 1254 loliumque,
522 1197 636 1254 dapis
659 1198 826 1240 meliora
846 1184 1097 1255 relinquens.
1213 1244 1221 1255 ,ι

0 1254 190 1301 ffandem
222 1255 400 1298 urbanus
442 1256 493 1298 ad
538 1255 658 1305 hunc,
692 1255 807 1305 Quid
851 1266 891 1299 te
926 1258 1058 1313 juvat,
1099 1258 1247 1315 inquit,

3 1352 6 1355 .
112 1315 256 1364 amice,
1194 1321 1248 1358 90

0 1361 208 1428 ffi'aerupti
228 1371 406 1413 nemoris
427 1370 649 1427 patientem
673 1370 810 1413 vivere
831 1371 984 1414 dorso?

0 1426 79 1471 -Vis
98 1438 142 1471 tu
162 1425 347 1471 homines
368 1429 594 1484 urbemque
616 1428 711 1469 feris
731 1444 970 1485 praeponere
990 1431 1135 1473 silvis?

0 1485 139 1543 Carpe
160 1487 280 1536 viam,
302 1486 401 1528 mihi
423 1486 556 1536 crede,
581 1501 742 1536 comes;
773 1489 979 1530 terrestria
999 1489 1164 1544 quando

0 1538 204 1590 Nol-tales
223 1544 378 1586 animas
398 1545 543 1586 vivunt
562 1544 715 1594 sortita,
738 1559 874 1600 neque
896 1545 979 1588 ulla
999 1556 1061 1589 est

0 1601 92 1646 mut
109 1617 258 1659 magno
277 1610 350 1644 aut
369 1617 493 1658 parvo
512 1601 584 1643 leti
605 1601 729 1658 fuga:
763 1618 858 1658 quo,
881 1603 999 1655 bone,
1023 1604 1141 1656 circa,
1194 1610 1247 1648 95

0 1657 116 1702 Dum
137 1659 245 1709 licet,
268 1659 310 1700 in
331 1660 454 1701 rebus
467 1659 663 1715 jucundis
684 1660 776 1701 vive
800 1660 967 1711 beatus3

0 1714 108 1762 *Vive
128 1732 296 1767 memor,
319 1732 441 1773 quam
463 1718 516 1759 sis
536 1716 613 1759 aevi
635 1717 781 1759 brevis.
845 1718 950 1761 Haee
972 1719 1040 1762 ubi
1061 1720 1169 1764 dicta

0 1776 222 1832 *Agrestem
243 1774 452 1831 pepulere,
475 1774 594 1816 domo
616 1774 716 1816 levis
737 1776 899 1826 exsilit3
930 1777 1026 1820 inde

0 1832 139 1887 fflbo
158 1832 410 1889 propositum
431 1841 635 1889 peragunt
653 1832 744 1883 iter,
769 1833 878 1875 urbis
898 1844 1066 1878 aventes

0 1886 164 1935 *Moenia
182 1890 372 1932 nocturni
392 1889 624 1946 subrepere.
684 1890 860 1947 Jamque
882 1893 1049 1936 tenebat
1171 1898 1246 1937 100

0 1942 99 2001 ‘Rex
118 1947 299 1988 medium
319 1947 411 1989 coeli
432 1947 622 2003 spatium,
644 1963 771 2004 quum
794 1950 910 2005 ponit
931 1960 1104 2008 uterque

71 2004 276 2061 locuplete
297 2004 418 2046 domo
438 2005 539 2047 vesti
571 2005 633 2056 ia3
664 2005 787 2048 rubro
807 2007 878 2048 ubi
899 2023 1020 2050 cocco

54 2070 152 2115 ‚ncta
171 2077 294 2118 super
311 2062 440 2104 lectos
460 2021 653 2105 canderet
672 2064 794 2106 vestis
815 2065 1003 2116 eburnos,

85 2119 222 2176 ltaque
242 2119 293 2161 de
313 2119 464 2177 magna
484 2131 744 2176 superessent
763 2122 917 2164 fercula
937 2125 1068 2174 coena,

128 2177 270 2234 procul
289 2177 505 2219 exstructis
525 2178 687 2221 inerant
706 2178 896 2222 hesterna
917 2182 1111 2225 canistris.
1166 2187 1244 2226 105

91 2249 116 2277 o
137 2235 207 2277 ubi
226 2236 432 2291 purpurea
454 2243 686 2290 porrectum
705 2236 747 2277 in
768 2246 882 2279 veste
903 2238 1052 2282 locavit

138 2301 234 2344 tem,
255 2293 384 2336 veluti
402 2292 633 2336 succinctus
654 2293 819 2337 cursitat
838 2294 998 2353 hospes,
