1390 2586
132 99 212 143 183
560 103 924 135 inmeritam-1⁹10.
1228 103 1349 146 [mm
1361 115 1365 118 ·

130 200 214 230 ‘alta
235 210 308 231 voce
330 205 360 230 et
381 201 480 239 palam
504 200 591 231 docet
607 200 687 240 (sine
706 203 918 233 retractatione
941 207 993 234 aut
1009 201 1159 242 pudore).'
1182 203 1217 233 V.
1241 202 1351 244 προδῶ

131 239 261 273 δάσκειν
279 242 384 281 (Sopli.
403 243 510 273 Trach.
526 243 601 281 681)
614 244 721 274 callide
737 246 774 274 ad
786 245 977 275 Latinitatem
993 243 1351 287 deflexit.——[recinune]

132 285 212 324 Epp.
230 285 257 321 l,
276 286 324 320 18,
343 285 390 320 13,
411 296 532 323 puerum
554 297 628 316 soevo
653 288 756 317 credas
779 289 893 317 dictata
911 289 1053 327 magistro
1071 288 1223 323 Reddet-023
1250 289 1300 318 ubi
1321 297 1352 320 v-

130 327 253 366 proprio
275 333 329 356 est.
376 328 436 357 Cic.
453 328 490 357 de
506 328 545 358 N.
562 329 600 358 D.
619 329 646 365 1,
662 329 719 364 263
743 330 797 359 sed
816 330 897 359 idem
920 331 957 360 de
977 330 1066 360 Finn.
1082 330 1110 366 4,
1126 330 1155 366 4,
1174 331 1288 360 dietata
1301 331 1352 363 do-

131 374 253 399 cantare
269 369 356 398 dixit.
1345 388 1348 389 ν

175 412 224 442 49.
250 409 370 451 [La-vo]
398 412 484 441 Idem
507 422 610 442 versus
631 414 694 444 Sat.
715 413 743 450 1,
759 414 788 449 6,
806 413 857 450 74,
875 413 926 443 ubi
941 413 1019 444 vide.
1061 416 1070 431 ‘
1082 414 1264 452 Argentarii,
1280 415 1352 446 dum

132 453 220 482 senus
235 463 323 483 suum
344 460 496 490 exercent,
514 455 605 484 veluti
621 456 730 486 docent
750 457 881 494 reliquos
900 457 980 486 cives
1001 466 1105 486 omnes
1125 466 1265 486 nummos
1283 461 1354 487 ante

132 495 276 525 virtutem
292 497 471 534 quaerendos
486 507 550 526 esse
563 509 570 532 ς
586 498 675 527 talem
692 498 858 528 doctrinam
874 499 982 536 cupide
995 498 1172 537 arripientes
1187 504 1217 528 et
1227 500 1356 537 juvenen

134 543 165 567 et
184 547 272 567 senes
293 539 358 567 haec
379 544 533 577 tamquam
557 539 695 578 discipuli
718 541 861 579 magistro
883 541 994 570 dictata
1014 541 1154 576 reddunt,
1172 550 1206 570 ac
1222 540 1355 579 profecto

134 578 211 609 mihi
232 590 424 619 nequaquam
455 581 564 611 diversi
587 582 729 612 videntur
755 593 774 612 a
801 582 936 622 puerulis
955 583 987 612 in
1011 583 1117 612 ludum
1146 583 1313 613 literarium
1336 592 1356 614 ι

134 623 301 661 paedagogo
316 623 463 657 deductis,
476 633 552 662 quos
566 625 638 654 olim
652 625 694 654 sic
706 625 867 664 descripsi:
890 625 995 660 Laev⁰‚’
1009 626 1062 654 &c-

177 665 228 701 50,
243 665 294 694 51.
329 664 493 705 [fidesque]
525 667 663 702 Credit,
687 669 784 697 ‘bona
807 668 888 697 fama
912 673 942 697 et
965 675 1090 706 propter
1111 667 1301 697 honestatem
1325 670 1357 702 et

135 712 258 746 propter
279 707 468 746 aliquantum
494 709 640 747 pecuniae,
665 710 803 748 quamvis
827 711 865 739 ad
894 715 1064 748 equestrem
1089 709 1268 747 dignitatem
1296 717 1361 740 non¹

136 749 284 779 sufficiat!
296 766 338 771 --
354 748 611 790 [quadringentis]
631 752 676 781 Ex
691 753 757 790 lege
774 752 884 782 Roscia.
903 751 1043 782 theatrali
1058 750 1135 790 (lata
1156 755 1262 782 A.0.c.
1285 750 1358 788 6873

137 801 156 821 a
171 791 205 820 L.
222 792 330 821 Roscio
346 793 466 822 Othone
483 793 549 822 trib.
570 792 638 832 pl.)‚
660 795 806 824 sancitum
829 800 902 830 erat,
925 804 964 824 ne
986 793 1054 832 quis
1075 794 1107 824 in
1130 793 1358 832 quatuordeeim

137 834 281 871 gradibus
300 835 470 872 orchestrae,
496 835 527 864 in
548 837 607 874 qua
629 841 781 866 senatores
802 837 957 873 sedabant,
982 836 1128 875 proximis
1150 837 1278 871 sederet,
1299 834 1362 867 nid

138 876 190 914 qui
213 886 306 914 eques
330 883 359 906 et
382 878 514 916 equestri
537 888 629 908 censu
651 884 740 908 esset.
785 879 1016 917 Quadringenta
1035 879 1131 908 millia
1147 879 1187 908 H.
1203 879 1234 909 S.
1256 883 1358 909 autem

138 927 247 948 census
275 925 339 948 erat
361 926 560 957 equester.—
574 918 639 960 [sex
660 919 786 960 septem]
813 922 868 951 Est
889 921 1084 960 proverbialis
1106 921 1244 951 formula.
1288 921 1365 954 Tm

140 960 219 990 Eun.
236 962 265 997 2,
281 962 310 996 3,
331 961 382 996 39.
398 964 543 992 mensibus
556 973 606 993 sex
618 967 736 1002 septem.
1358 967 1367 984 '⁴

182 1003 316 1033 52—54.
340 1002 446 1043 [Plebs
462 1003 538 1044 eris]
564 1005 803 1042 ‘Contemneris,
826 1005 906 1035 inter
924 1006 1043 1044 plebem
1065 1005 1251 1044 reputaberis
1273 1009 1304 1035 et
1326 1003 1373 1036 its

140 1052 208 1074 xw.
223 1046 379 1075 ordinibus
394 1056 454 1075 non
469 1047 606 1078 sedebis!
632 1048 737 1078 Comm.
758 1048 808 1077 Gr.
822 1063 864 1069 —
879 1046 984 1087 [pueri
1006 1045 1154 1086 ludentes]
1183 1049 1191 1063 ‘
1203 1047 1290 1077 Pueri
1308 1046 1361 1077 ubi

139 1087 220 1116 inter
233 1098 264 1117 se
278 1088 397 1122 ludunt,
412 1089 464 1126 qni
480 1090 610 1127 plurium
624 1091 670 1119 vel
682 1090 817 1119 omnium
827 1090 943 1129 judicio
955 1090 1033 1119 inter
1044 1099 1148 1119 omnes
1160 1090 1370 1120 dexterrimus-

140 1135 195 1165 est‚
211 1139 263 1159 rex
279 1131 497 1160 declarabitur)
507 1147 549 1153 —-
562 1130 612 1171 [Si
625 1131 821 1171 rectefaciea]
836 1132 925 1162 Pueri
939 1132 980 1162 sic
995 1132 1186 1170 intelligunt:
1202 1133 1209 1148 ‘
1224 1132 1255 1161 Si
1270 1131 1365 1163 faciei

141 1171 254 1210 optime
276 1172 356 1202 inter
376 1183 490 1208 omnes,
513 1183 580 1212 quae
601 1175 665 1203 ludi
683 1175 730 1204 lex
752 1175 866 1213 poscit.’
913 1175 979 1204 Hac
993 1180 1094 1204 autem
1111 1183 1180 1203 voce
1195 1175 1276 1203 velut
1290 1175 1371 1212 per-³

140 1214 241 1243 culsus
265 1214 452 1251 παθητικῶς
477 1217 626 1246 exclamat
650 1223 755 1255 poeta:
780 1216 910 1246 ‘Nonne
932 1217 996 1246 haec
1018 1218 1110 1246 verba
1129 1216 1361 1246 reconditiorem

140 1256 231 1285 etiam
247 1257 360 1286 habent
374 1267 505 1294 sensum,
525 1259 575 1287 ubi
595 1259 700 1288 eadem
721 1259 758 1288 ad
781 1264 875 1288 totam
897 1258 1054 1288 hominum
1073 1259 1164 1288 vitam
1179 1258 1360 1297 applicatis!

142 1298 187 1327 Ac
210 1299 342 1337 profecto
363 1300 419 1328 hoc
441 1300 522 1330 idem
544 1306 623 1330 recte
645 1301 742 1331 facere
765 1299 962 1342 (κατορθοῦν
986 1299 1167 1340 Stoicorum)
1189 1301 1364 1339 nulliusque

141 1341 247 1378 flagitii
262 1342 319 1371 sibi
334 1342 487 1371 conscium
503 1352 577 1379 esse,
592 1348 637 1372 est
651 1343 726 1372 illud
741 1344 824 1372 velut
837 1343 1074 1382 inexpugnabile
1093 1343 1362 1382 propugnaculum,

142 1384 223 1421 quod
239 1393 293 1412 nos
307 1393 430 1424 prorsus
444 1395 563 1414 securos
579 1391 609 1414 et
623 1391 781 1424 propterea
796 1387 898 1415 beatos
914 1385 1030 1415 reddit!

183 1425 316 1460 57—60.
341 1424 473 1466 [Nem'a]
501 1437 544 1465 pr.
572 1429 709 1457 ‘carmen
734 1428 859 1458 funebre
884 1427 1091 1466 praeficarum,’
1112 1427 1223 1456 deinde
1247 1425 1365 1456 ‘omnis

141 1467 294 1497 cantilena
312 1469 478 1507 popularis'
496 1468 568 1508 (Od.
587 1470 616 1505 3,
634 1471 684 1506 28,
700 1470 750 1505 26,
766 1470 856 1499 etiam
872 1472 880 1486 ⁴
893 1469 1094 1508 nutricum’);
1117 1469 1148 1499 h.
1165 1470 1184 1499 1.
1201 1477 1364 1508 puerorum

143 1510 228 1546 illud,
251 1511 317 1540 Rea·
338 1513 406 1547 eris,
434 1512 686 1541 Sim—‘Eadem
716 1512 867 1551 profecto‚'
896 1512 1004 1550 pergit,
1032 1515 1117 1541 ‘erat
1143 1511 1294 1541 sententia.
1319 1511 1364 1541 M.

143 1552 228 1581 Curii
245 1554 378 1587 Dentati,
396 1554 446 1591 qui
470 1553 596 1583 Sabinos
618 1560 649 1583 et
668 1555 818 1592 Pyrrhum
834 1554 953 1590 devicit,
975 1554 1019 1584 M.
1036 1553 1120 1583 Furii
1140 1553 1271 1589 Camilli,
1290 1553 1365 1582 Gal·

141 1595 240 1624 lorum
263 1596 392 1631 victoris,
420 1597 543 1626 alterius
567 1597 699 1631 Romuli,
723 1596 911 1634 aliorumque
931 1595 1125 1634 antiquorum
1149 1596 1258 1625 horum
1280 1594 1366 1628 simi-

141 1636 235 1671 lium3
258 1638 315 1667 hac
330 1638 398 1667 vitae
421 1640 527 1668 norma
549 1640 719 1674 utebantur,
742 1645 775 1668 ut
791 1638 884 1668 virtus
907 1639 1015 1668 honori
1037 1643 1125 1673 esset,
1148 1647 1208 1667 non
1232 1637 1366 1667 divitiae:

141 1677 384 1719 —[decanlata]
410 1681 568 1710 Permanet
582 1681 613 1709 in
635 1681 733 1710 neniae
748 1681 899 1718 imagine:
923 1682 930 1696 ¹
943 1681 999 1710 hoc
1020 1690 1138 1719 semper
1159 1686 1191 1710 et
1212 1680 1244 1709 in
1264 1680 1367 1710 animo

142 1725 173 1750 et
200 1721 231 1750 in
261 1731 312 1751 ore
342 1723 514 1752 habebant.’
528 1739 569 1744 —
583 1721 634 1762 [ut
651 1722 789 1762 propius]
815 1724 893 1761 ‘quo
918 1728 1034 1752 tantum
1057 1723 1179 1758 habeas,
1201 1728 1235 1752 ut
1260 1732 1277 1752 e
1299 1729 1367 1752 ΧΠ.

141 1763 298 1793 ordinibus
321 1764 400 1794 inter
421 1765 548 1803 equites,
570 1766 617 1794 vel
631 1766 723 1795 etiam
744 1766 776 1794 in
799 1766 951 1795 orchestra
970 1765 1049 1794 inter
1067 1771 1230 1800 senatores,
1252 1764 1368 1794 fabulas

142 1806 326 1844 spectes.’—
337 1805 518 1846 [quocunque
528 1805 626 1846 modo]
643 1806 686 1843 ὡς
700 1805 735 1837 ἐν
748 1805 879 1847 παρόδῳ
893 1807 971 1837 ridet
984 1807 1070 1845 Pupii
1084 1807 1245 1845 tragoedias
1256 1806 1368 1842 futiles,

143 1847 253 1886 quibus
275 1849 326 1878 ille
349 1859 380 1878 se
406 1855 606 1887 spectatorum
632 1851 756 1879 affectus
781 1850 909 1879 movisse
930 1850 978 1879 vel
1003 1851 1127 1888 putabat
1148 1849 1376 1887 tantummodo„

143 1890 191 1919 vel
220 1900 324 1929 reapse
353 1891 526 1930 imperitum
560 1893 714 1930 popellum
742 1892 799 1922 sibi
828 1893 930 1921 afflere
957 1897 1103 1929 coegerat.
1158 1891 1234 1923 Quis
1266 1889 1369 1927 fuerit,

144 1933 266 1971 quando
290 1933 406 1969 vixerit,
426 1934 616 1970 ignoramus;
649 1934 707 1964 nisi
733 1935 813 1973 quod
837 1934 954 1964 videtur
980 1934 1098 1963 Horatii
1120 1933 1243 1971 aequalis
1267 1933 1368 1963 fuisse.

143 1990 186 1996 -—
197 1973 383 2015 [lacrimosa]
407 1973 567 2016 θρηνώδη,
590 1976 726 2007 lacrimas
741 1976 914 2014 excitantia,
938 1981 971 2006 ut
986 1977 1047 2006 Sat.
1065 1976 1092 2012 1,
1107 1977 1136 2012 5,
1153 1976 1203 2012 80,
1221 1977 1371 2005 lacrimoso

142 2017 282 2053 —summ

187 2049 237 2096 '61‚
251 2060 301 2090 62.
326 2058 526 2100 [responsare]
548 2061 609 2090 cfr.
633 2062 692 2090 Sat.
707 2062 736 2096 2,
753 2060 783 2096 7,
799 2061 849 2095 85,
870 2070 1040 2099 responsare
1061 2061 1269 2099 cupidinibus.-
1293 2059 1369 2097 Epi-

144 2103 207 2131 curi
226 2104 306 2140 apud
323 2103 410 2140 Diog.
427 2104 460 2133 1..
479 2103 526 2137 10,
543 2103 610 2138 120,
626 2101 880 2134 ἀντιτάττεσθαι
901 2102 941 2142 τῇ
955 2101 1057 2142 Τύχῃ.
1071 2117 1112 2124 —-
1129 2099 1293 2142 [euperbae]
1311 2101 1371 2132 sal.

145 2145 237 2173 Catil.
250 2145 300 2181 53,
321 2146 456 2184 populum
479 2146 640 2175 Romanum
661 2156 737 2184 soepe
750 2143 883 2184 fortunae
905 2146 1118 2175 violentiam
1140 2145 1315 2174 toleravisse.
1329 2157 1372 2166 -·

146 2186 307 2227 [erectum]
337 2188 399 2218 Cic.
425 2198 479 2226 pro
506 2188 649 2217 Deiotaro
674 2188 731 2218 13:
760 2189 873 2217 animus
902 2197 1034 2227 mugnus,
1059 2187 1166 2222 alacer,
1192 2190 1314 2216 erectus.
1329 2200 1372 2207 -

147 2227 310 2268 [proesens]
327 2231 335 2246 ‘
347 2240 503 2268 nunquam
518 2236 546 2259 te
563 2231 714 2266 deserens,
738 2239 857 2268 semper
877 2235 1034 2268 promptus
1053 2229 1092 2258 ad
1107 2234 1136 2258 te
1150 2227 1370 2266 adjutandum:

144 2287 188 2293 —
203 2269 321 2311 [aptat]
339 2273 460 2310 ‘aptum
483 2273 521 2301 ad
545 2273 795 2311 responsandum,
811 2273 849 2301 ad
864 2272 921 2300 hoc
936 2277 1087 2301 certamen
1102 2271 1247 2300 idoneum
1263 2269 1372 2305 reddit,

144 2313 224 2344 vires
240 2320 306 2344 tuas
323 2324 434 2345 acuens
449 2320 540 2354 atque
563 2315 697 2354 augens.'
744 2314 935 2344 Constructio
955 2317 1252 2352 responsare—aptat
1273 2311 1372 2342 occul·
