1390 2586
420 118 685 147 SATmARUM
714 117 804 146 Lm.
827 118 877 145 11.
898 109 938 147 2.
1251 109 1301 147 31

56 221 249 265 Membra
267 220 394 270 dedit,
416 228 589 277 vegetus
610 220 842 276 praescripta
862 220 911 261 ad
935 219 1074 261 munia
1093 220 1236 276 surgit.

58 280 142 323 Hie
161 289 296 323 tamen
316 279 366 320 ad
388 279 533 320 melius
556 279 704 334 poterit
725 287 998 320 transcurrere
1021 278 1239 333 quondam,

58 338 155 380 Sive
173 337 281 379 diem
303 336 452 378 festum
473 335 634 377 rediens
654 335 865 377 advexerit
883 351 1027 385 annus,

58 395 143 438 Seu
162 409 344 436 recreare
364 393 472 435 volet
494 403 706 435 tenuatum
729 409 886 449 corpus,
911 394 1033 434 ubive

55 452 271 494 Accedent
288 451 398 501 anni,
422 462 464 493 et
484 451 644 493 tractari
666 451 827 492 mollius
847 459 943 493 aetas
1248 455 1301 492 &5

56 509 269 552 Imbecilla
289 509 409 551 volet.
470 509 568 550 Tibi
590 509 784 564 quidnam
804 508 971 550 accedet
991 508 1040 550 ad
1063 508 1194 557 istam,

55 567 192 617 Quam
214 582 316 624 puer
336 575 378 609 et
400 566 554 608 validus
575 567 796 621 praesumis,
820 566 1044 615 mollitiem,
1067 581 1141 607 seu

55 624 175 667 Dura
195 624 384 667 valetudo
405 624 605 673 inciderit,
627 639 699 665 seu
720 624 835 666 tarda
855 623 1074 666 senectus?

57 682 288 725 Rancidum
309 697 451 737 aprum
473 681 631 737 antiqui
652 681 883 732 laudabant,
907 697 986 722 non
1010 683 1106 737 quia
1127 698 1247 724 nasus

56 740 144 782 Illis
159 740 295 781 nullus
309 747 410 788 erat3
432 739 516 788 sed,
532 740 665 789 credo,
683 740 756 780 hac
778 749 927 788 mente,
946 740 1054 795 quod
1077 740 1223 797 hospes
1244 746 1298 781 90

56 797 232 840 Tardius
252 797 473 839 adveniens
493 797 678 839 vitiatum
701 798 963 846 commodius,
987 813 1111 853 quam

56 855 269 913 Integrum
287 855 391 896 edax
407 854 594 895 dominus
610 863 878 896 consumeret.
911 855 1001 897 Hos
1023 856 1177 898 utinam
1195 857 1301 898 inter

55 913 215 955 Heroas
237 921 376 954 natum
398 912 519 954 tellus
539 927 605 953 me
626 912 756 968 prima
776 911 959 955 tulisset!

53 970 143 1014 Das
162 970 317 1027 aliquid
337 971 467 1020 famae,
490 985 582 1026 quae
603 970 780 1011 carmine
801 971 952 1026 gratior
972 986 1112 1012 aurem

56 1029 246 1084 Occupet
265 1027 513 1069 humanam?
574 1027 764 1069 Grandes
783 1028 942 1069 rhombi
965 1030 1196 1085 patinaeque
1246 1034 1300 1069 95

56 1086 224 1129 Grande
245 1086 382 1127 ferunt
403 1101 483 1127 una
503 1101 595 1127 cum
616 1085 764 1127 damno
785 1085 975 1127 dedecus.
1037 1087 1158 1128 Adde

54 1143 209 1186 Iratum
231 1153 433 1200 patruum,
456 1143 622 1193 vicinos,
646 1153 686 1185 te
708 1144 782 1185 tibi
802 1143 1004 1199 iniquum,

55 1199 113 1243 Et
132 1201 278 1243 frustra
299 1201 439 1243 mortis
459 1201 666 1256 cupidum,
689 1217 780 1242 cum
804 1201 935 1243 deerit
956 1202 1095 1258 egenti

54 1259 129 1310 As,
151 1259 287 1316 laquei
309 1259 498 1314 pretium.
556 1258 583 1299 J
588 1274 670 1308 ure,
694 1259 841 1314 inquit,
867 1259 1064 1300 Transius
1085 1259 1172 1302 istis

53 1315 252 1372 Jurgatur
271 1316 427 1358 verbis:
460 1331 539 1372 ego
560 1316 778 1373 vectigalia
798 1332 946 1373 magna
1220 1320 1309 1358 100-

54 1373 318 1430 Divitiasque
339 1373 468 1415 habeo
489 1373 618 1415 tribus
638 1374 791 1429 amplas
813 1375 990 1430 regibus,
1054 1374 1180 1430 Ergo,

56 1430 181 1480 Quod
201 1440 377 1487 superat,
399 1446 480 1488 non
504 1439 578 1480 est,
601 1431 746 1472 melius
767 1447 849 1487 quo
870 1434 1075 1472 insumere
1096 1432 1255 1488 possis?

55 1487 142 1530 Cur
162 1497 259 1546 eget
279 1489 471 1545 indignus
493 1489 707 1544 quisquam
729 1498 769 1530 te
791 1489 947 1531 divite?
978 1505 1103 1545 quare

54 1545 232 1602 Templa
251 1555 375 1588 ruunt
393 1546 562 1602 antiqua
583 1546 736 1587 deum?
767 1562 850 1596 cur,
874 1547 1070 1602 improbe,
1094 1563 1196 1590 caree

53 1602 149 1645 Non
170 1604 325 1660 aliquid
346 1604 488 1660 patriae
510 1612 622 1646 tanto
644 1604 823 1646 emetiris
844 1604 1021 1646 acervo?
1222 1609 1299 1646 105

54 1660 141 1703 Uni
164 1662 353 1703 nimirum
374 1661 449 1703 tibi
470 1669 580 1703 recte
601 1677 762 1717 semper
783 1671 903 1703 erunt
923 1662 1018 1704 res?

55 1717 96 1759 Ο
117 1733 290 1775 magnus
311 1719 476 1775 posthac
495 1719 670 1760 inimicis
691 1720 794 1761 risus
811 1719 819 1762 !
884 1720 1045 1762 Uterne

54 1775 123 1816 Ad
144 1791 258 1818 casus
278 1776 422 1818 dubios
442 1776 542 1819 fidet
562 1777 637 1818 sibi
661 1777 840 1819 certius?
871 1778 948 1826 hic,
973 1778 1042 1834 qui

55 1832 247 1875 Pluribus
266 1834 437 1876 assuerit
457 1843 636 1876 mentem
659 1850 888 1891 corpusque
909 1836 1143 1891 superbum,

54 1891 122 1932 An
145 1891 230 1947 qui,
253 1899 468 1934 contentus
488 1907 612 1947 parvo
632 1903 902 1949 metuensque
924 1894 1063 1944 futuri,
1219 1897 1298 1934 110

53 1947 104 1989 In
127 1963 238 2004 pace,
262 1958 308 1991 ut
327 1949 501 2005 sapiens,
523 1951 670 2006 aptarit
692 1950 837 1992 idonea
859 1950 999 1992 bello?

54 2004 152 2055 Quo
172 2005 303 2063 magis
324 2006 385 2048 his
405 2007 555 2057 credas,
578 2023 680 2063 puer
703 2008 810 2050 hunc
830 2024 909 2065 ego
930 2024 1078 2064 parvus
1101 2008 1282 2050 Ofellam

53 2061 232 2120 Integris
252 2064 397 2119 opibus
418 2065 512 2106 novi
532 2080 613 2106 nou
636 2065 754 2107 latius
777 2063 907 2116 usum,

27 2128 30 2130 ’
53 2119 191 2170 Quam
212 2137 323 2163 nunc
342 2122 495 2163 accisis.
556 2122 708 2164 Videas
728 2133 880 2166 metato
901 2124 942 2164 in
964 2124 1098 2179 agello

53 2177 160 2220 Cum
181 2194 329 2234 pecore
351 2188 392 2221 et
411 2180 547 2236 gnatis
567 2180 713 2221 fortem
735 2181 922 2223 mercede
944 2182 1146 2231 colonum,
1218 2185 1297 2223 115

23 2244 30 2270 Γ
53 2233 148 2277 Non
171 2251 264 2293 ego,
286 2246 530 2286 narrantem,
554 2245 707 2279 temere
729 2239 793 2279 edi
816 2240 905 2280 luce
927 2239 1104 2294 profesta

14 2304 27 2321 -·
54 2291 290 2349 Quidquam
313 2303 460 2351 praeter
480 2295 567 2336 olus
587 2295 756 2338 fumosae
776 2312 866 2338 cum
890 2297 994 2351 pede
1016 2312 1166 2352 pernae.

29 2383 31 2386 .
54 2350 120 2392 Ac
139 2350 252 2402 mihi,
273 2366 348 2394 seu
367 2352 536 2410 longum
558 2361 830 2410 post‘tempus
851 2363 1019 2396 venerat
1039 2354 1198 2411 hospes,

636 2424 660 2452 c
680 2415 708 2451 4
