1390 2586
119 93 198 136 116
544 95 911 126 INTERPRETATlo.
1254 95 1348 140 [⁵⁸1-

160 193 259 224 110-
264 193 332 224 116.
357 191 504 234 [capella]
528 196 536 209 ⁴
552 193 757 228 Proverbium,
779 203 839 232 quo
853 199 884 223 et
899 194 1027 223 Ovidius
1042 204 1115 224 usus
1130 199 1176 224 est
1191 193 1246 235 (Α.
1267 195 1302 226 Δ.
1317 195 1346 231 l,

114 236 186 267 349
193 235 203 274 )
221 247 314 275 quum
334 238 385 272 ait,
412 237 554 266 Fertilior
574 246 656 274 seges
673 241 717 265 est
739 237 844 265 alienis
859 246 972 276 semper
986 238 1016 267 iu
1034 239 1127 276 agris,
1157 235 1348 278 Vicinumque

110 289 203 317 pecus
227 281 375 317 grandius
404 280 476 308 uber
504 279 612 308 kabe!.'
669 279 774 316 Porph.
786 294 828 300 —
845 277 927 318 [Sic]
958 285 1004 308 est
1031 281 1108 316 part.
1137 280 1347 309 similitudinis

115 322 302 359 respondens
325 321 464 359 sequenti
487 325 584 349 ut.—-·
600 318 729 359 [missos]
755 321 874 350 Ennius
891 321 969 351 Ann.
989 321 1015 355 l
1033 321 1102 357 101,
1125 323 1217 352 veluti
1238 323 1347 359 consul,

113 373 202 402 quum
217 365 332 393 mittere
347 365 462 402 signam
483 364 558 397 Van,
581 373 677 392 omues
691 364 773 392 avidi
791 367 924 400 spectant
944 364 985 393 ad
1003 366 1132 394 carceris
1151 374 1228 400 ora-v,
1253 365 1348 396 Quam

114 416 179 434 mox
200 407 317 434 emittat
336 407 427 444 pictis
450 416 485 434 ea·
501 404 638 444 saucilm'
664 403 944 444 currus.—[illam
960 407 1167 444 Proeteritum]
1192 409 1200 422 ‘
1213 406 1347 445 equum,’
1388 403 1390 425 j

115 457 175 476 non
193 448 369 484 ‘aurigam,'
387 455 419 476 ut
438 449 521 476 Voss.
532 463 573 468 -—
587 446 747 486 [temnens]
774 448 864 476 Haud
881 457 947 477 raro
963 449 1018 477 hoc
1033 449 1162 488 simplici
1177 459 1204 479 ν.
1220 455 1350 478 utuntur

113 496 222 561 goetae.
269 490 350 528 Virg.
379 491 449 520 AEn.
472 490 502 526 6,
526 490 597 525 620,
625 491 736 519 Discite
749 488 905 529 justitiam
931 492 1032 520 moniti
1057 496 1085 520 ει
1108 501 1164 521 non
1191 495 1349 522 temnere

137 542 195 561 tvos

161 573 334 608 117—120.
358 573 492 614 [conviva
507 572 608 613 satur]
635 574 812 603 Aristoteles
827 575 907 626 apud
925 574 1052 604 Maxim.
1068 580 1098 604 et
1110 550 1222 605 Anton.
1235 585 1264 613 p.
1275 575 1348 612 878,

114 614 172 645 Eae
188 617 246 646 τοῦ
260 614 338 654 βίου
350 615 524 656 κράτιστόν
535 614 625 645 ἐστιν
637 614 807 650 ἐξελθεῖν
791 627 834 652 ως
846 615 879 646 ἐκ
891 616 1085 657 συμποσίου,
1095 614 1175 658 μήτε
1189 614 1350 656 διψῶντα,

113 657 197 698 μήτε
221 657 401 698 μεθύοντα.
448 660 566 688 Lucret.
583 659 612 691 3.
628 659 700 693 951,
725 659 785 688 Cur
800 670 864 694 non,
888 666 921 689 ut
940 660 1072 698 plenus
1093 661 1176 689 vitae
1199 661 1350 690 conviva

115 703 237 737 recedis,
267 702 364 740 AEqao
387 703 538 740 animoque
564 703 646 739 capis
669 712 810 736 securam,
833 703 932 737 stulte,
959 703 1163 741 quietem?—
1178 699 1347 742 [Crispini]

117 743 295 781 Philosophi
317 745 474 781 cujusdam
500 744 701 782 loquacissimi
719 753 840 778 nomen,
865 745 917 781 qui
939 742 1141 785 ἀρετάλογος
1163 745 1261 774 dictus
1282 749 1349 779 est:

114 786 234 824 scripsit
254 786 345 815 etiam
363 797 464 815 versus
486 788 523 815 de
547 787 628 815 secta
643 787 751 815 stoica.
797 787 891 815 Sehol.
938 787 1074 825 Ineptum
1093 792 1177 816 vocat
1193 787 1254 816 Sat.
1273 786 1300 822 l,
1315 787 1346 822 3,

117 827 186 858 139.
199 845 240 850 —
255 827 361 867 [lippi]
390 829 536 858 Horatius
549 829 626 857 ridet
640 828 771 866 Crispini
789 829 920 858 hominis
932 829 1039 858 insulsi
1052 829 1159 858 firciem
1175 828 1207 858 in
1223 829 1349 859 modum

116 870 224 899 misere
240 871 402 899 ridiculum
419 872 540 900 assiduo
557 871 608 900 illo
624 872 702 900 malo
718 872 922 909 deturpatam,
936 873 943 886 ‘
954 872 1048 900 oculis
1065 871 1210 903 humidis.
1223 871 1349 907 rabidis,

114 911 241 941 fortasse
256 923 294 942 ex
312 915 366 942 sna
382 914 453 942 sede
469 913 628 952 propulsiS,
653 913 828 942 continuato
845 913 926 949 fletu,
947 914 1138 942 carbunculis
1154 919 1184 942 et
1199 913 1350 943 ulceribus

114 960 169 983 aut
183 957 478 993 supercrescentibus
495 964 545 984 aiut
562 956 641 984 cavis
658 962 710 985 aut
726 955 863 985 sordidis'
879 955 1047 994 (quomodo
1060 956 1141 985 varia
1157 955 1350 994 lippitudinis

114 1007 229 1034 genera
255 999 398 1027 describit
413 999 519 1028 Celsus
533 998 563 1033 6,
581 998 609 1027 6.
629 998 719 1027 etiam
737 998 792 1027 hoc
807 999 928 1036 docens,
941 999 981 1036 fit
996 1009 1030 1028 ea
1049 1001 1080 1027 iu
1099 999 1169 1027 aliis
1191 1000 1295 1033 brevis,
1319 999 1350 1028 in

113 1040 186 1068 aliis
210 1041 296 1080 longa
318 1045 347 1070 el
370 1051 434 1080 quae
457 1043 506 1070 vim
527 1051 654 1080 anquam
670 1039 823 1079 finiatur).
837 1039 1035 1079 —-[scriuia]
1062 1041 1176 1078 Lepide
1199 1040 1351 1078 significat

114 1081 292 1120 Crispinum
316 1089 378 1112 tota
399 1083 511 1112 scrinia
537 1083 682 1112 librorum
706 1093 724 1112 a
748 1093 780 1112 se
805 1083 1045 1122 conscriptorum
1070 1083 1161 1122 plena
1186 1082 1269 1112 domi
1295 1082 1351 1112 ha-

115 1124 224 1154 buisse.

613 1210 773 1240 SATIRA
797 1210 839 1240 11.

160 1294 251 1324 1—3.
275 1293 542 1334 [Ambubaiarum]
566 1295 764 1324 ‘Ambubaiae
788 1295 931 1324 dicuntur
954 1295 1097 1325 mulieres
1121 1294 1259 1325 tibicines
1283 1293 1346 1324 lin·

113 1338 176 1374 gua
193 1338 338 1375 Syrorum
354 1347 371 1366 a
387 1348 412 1367 v.
430 1340 517 1374 abab,
540 1339 656 1372 ambub,
673 1338 766 1367 tibia?
789 1338 882 1367 Schol.
895 1336 1100 1378 -ζι-οἰίεὲἰα]
1123 1339 1236 1376 jocose,
1258 1336 1347 1375 quasi

115 1379 224 1408 harum
249 1379 494 1408 muliercularum
518 1390 636 1417 greges,
660 1380 770 1418 quibus
795 1386 946 1419 praeerant
969 1381 1102 1416 lenones,
1127 1386 1226 1410 essent
1247 1389 1286 1408 ex
1308 1379 1346 1408 iis

114 1422 250 1459 collegiis
265 1433 287 1451 s,
304 1422 455 1451 sodaliciis
474 1423 648 1458 QUIBUS,
672 1429 704 1452 ut
724 1429 770 1452 est
784 1422 814 1451 in
833 1422 974 1461 Inscriptt
987 1445 996 1460 ‚
1017 1423 1077 1452 EX
1101 1423 1130 1452 S.
1157 1423 1189 1452 C.
1215 1422 1348 1452 COIRE

115 1463 650 1504 LICEBAT.—[plcarmacopoloe]
674 1465 885 1494 circulatorum
909 1474 1015 1501 genus,
1036 1466 1072 1494 de
1093 1474 1153 1503 quo
1169 1465 1245 1494 Cato
1265 1465 1347 1503 apud

115 1507 196 1536 Gell.
215 1507 241 1542 l,
262 1507 309 1542 15,
332 1508 374 1536 Μ.
393 1508 515 1537 Coelium
537 1509 658 1542 audilis,
683 1519 738 1537 non
760 1508 946 1542 auscultatis,
970 1511 1116 1546 tamquam
1134 1508 1346 1546 pharmaco-

111 1550 250 1587 polam:
273 1560 339 1579 vam
354 1549 417 1588 ejus
432 1551 520 1579 verba
535 1551 707 1586 audiuntur,
728 1560 827 1579 veram
842 1551 870 1579 ei
884 1559 914 1578 se
929 1560 1010 1579 nemo
1030 1551 1194 1584 committit,
1219 1550 1246 1578 ci
1268 1558 1349 1588 oeger

115 1595 169 1621 est.
183 1590 406 1631 ——[Mendici]
437 1593 587 1621 Videntur
614 1592 731 1627 harioli,
758 1592 855 1626 Isiaci,
882 1592 972 1626 Galli,
999 1590 1143 1630 (Cybeles
1166 1591 1347 1626 sacerdotes,

113 1632 370 1674 μητραγύρται),
385 1635 509 1664 fortasse
522 1635 611 1663 etiam
623 1635 733 1663 Judaei.
740 1651 780 1656 —
791 1631 916 1673 [mimae]
935 1634 1134 1663 ‘mulierculae
1149 1633 1348 1671 gesticulariae

116 1677 147 1705 in
173 1677 272 1705 mimis
295 1684 325 1706 et
348 1677 562 1712 saltatriculae‚’
579 1683 611 1705 ut
635 1677 677 1706 ait
694 1677 770 1706 Gell.
793 1676 818 1711 l,
835 1678 862 1706 5.
876 1674 1159 1716 -[bala!rones]‘
1172 1677 1350 1705 Balatrones

115 1723 147 1747 et
161 1719 276 1748 blateas
292 1719 388 1748 bullas
409 1720 463 1748 luti
485 1729 523 1748 ex
545 1719 704 1748 itineribus
725 1725 776 1747 aut
799 1719 880 1756 quod
903 1719 940 1748 de
962 1720 1236 1748 calceamentorum
1260 1717 1350 1747 soleis

114 1761 259 1794 eraditur,
276 1762 488 1799 appellabant)
514 1762 631 1790 Feslm.
671 1762 711 1790 Ut
726 1762 824 1790 lutum
841 1761 958 1796 calceis,
975 1761 1017 1790 sic
1034 1762 1064 1790 hi
1078 1770 1188 1790 scurrae
1204 1760 1349 1790 divitibus

116 1803 164 1832 vel
177 1803 280 1832 invitis
295 1804 460 1832 adhaerent.
475 1818 516 1824 ——
529 1802 672 1842 [Tigelli]
701 1803 874 1832 Breviorem
895 1804 1021 1841 genitivi
1043 1803 1170 1832 formam
1190 1802 1349 1832 nominum

115 1845 148 1874 in
161 1847 216 1881 ius,
229 1847 298 1879 iam,
313 1846 430 1882 reduxi,
441 1856 535 1884 quum
545 1846 617 1875 satis
630 1851 746 1875 constet
758 1855 824 1875 eam
836 1845 962 1874 sormam
973 1853 1043 1875 ante
1057 1847 1159 1875 Octav.
1177 1846 1350 1882 Augustum

115 1889 325 1926 pervulgatam
352 1888 454 1917 fuisse.
501 1889 616 1917 Formae
639 1888 670 1917 in
695 1889 807 1926 duplex
834 1890 844 1917 i
865 1888 1031 1917 desinentis
1055 1888 1171 1926 primus
1194 1897 1299 1916 suasor
1321 1891 1352 1916 et

115 1931 344 1959 commendator
358 1930 414 1959 suit
432 1931 500 1960 Ter.
516 1931 620 1960 Varro.
651 1930 756 1969 (Kritz
772 1933 813 1960 ad
827 1931 888 1960 Sal.
907 1932 971 1960 Cat.
988 1931 1017 1965 3,
1036 1930 1082 1968 3.)
1120 1932 1128 1945 ‘
1143 1930 1184 1959 M.
1203 1929 1351 1968 Tigellius

117 1973 250 2002 musicus
273 1973 471 2011 peritissimus
491 1979 522 2001 et
538 1972 618 2002 vocis
638 1973 760 2002 eximiae
776 1974 809 2002 C.
827 1973 940 2002 Caesari
963 1972 1102 2002 dictatori
1124 1978 1154 2001 et
1177 1978 1245 2010 post
1261 1971 1351 2000 Cleo-

116 2023 212 2053 patrae
236 2016 471 2054 acceptissimus,
497 2016 663 2044 Octaviano
689 2025 810 2053 quoque
837 2016 948 2044 Caesari
973 2015 1183 2050 amicissimus,
1209 2023 1245 2043 eo
1269 2013 1352 2050 quod

117 2058 205 2086 dulce
221 2064 342 2086 caneret
358 2064 387 2087 et
404 2060 517 2087 urbane
529 2059 691 2096 jocaretur,
715 2059 791 2086 adeo
807 2063 839 2086 ut
854 2058 934 2086 inter
950 2057 1112 2087 familiares
1127 2062 1157 2086 et
1173 2055 1352 2085 domesticos

118 2099 301 2129 haberetur!
328 2102 432 2130 Comm.
459 2102 548 2139 Cruq.
593 2101 638 2129 De
663 2101 718 2128 hoc
741 2101 870 2137 Tigellio
896 2100 957 2129 Cic.
980 2100 1019 2129 ad
1043 2100 1127 2129 Fam.
1149 2097 1178 2134 7,
1200 2097 1251 2133 24,
1277 2098 1352 2137 Cog-

116 2143 195 2170 nosti
210 2152 302 2171 meam
317 2153 435 2172 causam
450 2148 478 2172 et
495 2145 581 2172 istius
595 2144 740 2172 salaconis
755 2143 953 2182 iniquitatem.
1000 2142 1110 2172 Sardos
1121 2142 1210 2171 habes
1225 2141 1353 2175 venales,

116 2184 208 2213 alium
223 2186 282 2213 alio
297 2187 463 2224 nequiorem
479 2191 535 2215 cet.
561 2185 721 2214 Diversum
739 2185 820 2214 hunc
835 2187 977 2223 majorem
992 2185 1154 2222 Tigellium
1171 2192 1236 2212 esse
1248 2184 1286 2212 ab
1300 2182 1353 2211 'ri-

117 2226 210 2264 gellio
223 2227 414 2264 Hermogene
426 2229 643 2256 demonstravit
656 2227 842 2256 Kir‹·hnerus
854 2227 885 2256 in
897 2227 1024 2259 Quaestt.
1042 2227 1146 2255 Horat.
1162 2235 1190 2264 p.
1205 2225 1254 2258 42,
1269 2234 1354 2262 seqq.

160 2267 275 2297 8—12.
298 2267 453 2309 [ingr-ald]
472 2280 531 2299 non
548 2274 555 2285 ¹
568 2275 654 2303 tetra,
667 2269 766 2304 foeda,’
782 2270 835 2298 sed
851 2271 858 2285 ⁴
870 2279 937 2308 qnae
951 2278 1106 2306 nunquam
1121 2268 1259 2303 satiatur,
1272 2276 1353 2296 nuu-

118 2319 211 2349 quam
226 2312 356 2350 acceptis
371 2319 514 2342 contenta
529 2313 594 2342 est:
606 2329 647 2334 —
661 2310 823 2352 [stringat]
848 2314 855 2327 ‘
868 2312 955 2341 avide
975 2312 1108 2346 devoret,
1123 2310 1262 2348 adeoque
1281 2318 1355 2338 con-
