1390 2586
374 103 696 134 Brisa-omnum
734 102 824 131 Lm.
847 103 876 131 1.
902 91 966 131 18.
1257 92 1309 132 79

55 207 325 253 Adversarius
345 215 407 250 est
427 207 573 255 frater3
607 206 727 255 lacus,
752 203 932 253 Hadria;
964 203 1094 245 donec

56 268 315 310 Alterutrum
336 265 457 307 velox
478 264 646 306 victoria
666 263 808 305 fronde
829 270 1008 303 coronet.
1254 266 1306 304 55

58 324 302 367 Consentire
322 323 405 364 suis
425 322 570 364 studiis
589 321 659 377 qui
681 320 900 363 crediderit
920 329 973 368 te,

58 382 211 425 Fautor
232 388 404 437 utroque
426 388 542 422 tuum
564 379 745 420 laudabit
765 377 910 434 pollice
933 377 1086 418 ludum.

58 439 252 482 Protinus
273 446 318 480 ut
338 453 525 479 moneam
551 437 603 492 (si
625 436 722 492 quid
744 435 952 476 monitoris
974 450 1071 490 eges
1094 435 1173 488 tu),

59 497 174 547 Quid
194 497 244 538 de
265 511 430 552 quoque
450 495 534 536 viro
555 502 598 536 et
618 494 683 535 cui
704 493 826 541 dicas,
848 508 956 542 saepe
979 493 1138 534 videto:

59 555 392 597 Percontatorem
414 552 560 609 fugito,
583 567 675 593 nam
696 551 883 607 garrulus
904 550 1010 591 idem
1034 558 1108 600 est,
1254 554 1308 591 60

58 612 151 654 Nec
170 611 351 654 retinent
369 611 519 667 patulae
539 609 752 651 commissa
772 608 945 650 fideliter
964 623 1104 657 aures3

59 669 117 712 Et
135 669 263 712 semel
283 669 475 710 emissum
495 667 605 709 volat
625 666 887 708 irrevocabile
909 666 1091 706 verbum.

58 727 237 777 Qualem
270 725 542 775 commendes,
577 724 699 766 etiam
734 734 858 779 atque
891 723 1012 765 etiam
1042 723 1219 780 adspice,
1257 738 1309 765 ne

9 832 15 836 ,
169 799 266 826 mox

58 842 268 884 Incutiant
287 841 421 883 aliena
440 839 514 882 tibi
535 847 703 896 peccata
723 838 933 895 pudorem.

61 900 259 942 Fallimur
279 907 322 941 et
340 897 546 955 quondam
567 912 647 938 non
671 896 839 953 dignum
862 895 1079 938 tradimus:
1112 911 1211 953 ergo
1256 899 1310 938 65

60 957 199 1007 Quem
219 972 293 999 sua
313 957 432 1012 culpa
451 963 623 1012 premet,
646 954 842 1010 deceptus
863 954 1005 995 omitte
1028 955 1146 1004 tueri,

60 1015 125 1058 Ut
144 1014 308 1070 penitus
328 1023 484 1063 notum,
506 1012 539 1054 si
562 1021 723 1054 tentent
743 1012 924 1061 crimina,
947 1027 1084 1053 serves

59 1073 312 1128 Tuterisque
333 1080 403 1113 tuo
423 1070 620 1112 fidentem
642 1069 829 1125 praesidio
847 1085 855 1110 :
889 1069 960 1125 qui

59 1129 202 1173 Dente
224 1129 444 1171 Theonino
465 1143 591 1184 quum
614 1126 936 1177 circumroditur‚
960 1126 1108 1183 ecquid

60 1187 130 1230 Ad
151 1196 191 1230 te
212 1196 304 1245 post
323 1186 445 1244 paulo
465 1194 638 1227 ventura
657 1185 838 1241 pericula
858 1183 1015 1226 sentis?
1261 1186 1312 1226 70

63 1245 170 1287 Nam
192 1253 261 1287 tua
279 1259 344 1286 res
364 1259 388 1286 a
419 1244 512 1294 itur,
535 1243 667 1299 paries
689 1257 814 1298 quum
838 1242 1048 1298 proximus
1067 1241 1207 1292 ardet3

61 1302 120 1345 Et
139 1302 330 1360 neglecta
349 1260 484 1344 soient
502 1300 693 1342 incendia
712 1315 873 1342 sumere
894 1300 1013 1341 vires.

63 1360 211 1402 Dulcis
232 1359 458 1416 inexpertis
478 1358 636 1400 cultura
656 1357 835 1414 potentis
855 1358 999 1399 amici:

62 1417 272 1474 Expertus
292 1417 451 1459 metuit.
512 1415 595 1466 Tu,
618 1415 714 1456 dum
737 1424 806 1457 tua
827 1415 939 1456 navis
961 1415 1001 1456 in
1024 1414 1105 1456 alto
1127 1422 1201 1465 est,

64 1475 160 1517 Hoc
178 1490 270 1532 age,
293 1490 345 1516 ne
366 1481 521 1516 mutata
542 1481 760 1515 retrorsum
783 1482 822 1514 te
842 1473 946 1514 ferat
965 1488 1073 1514 aura.
1262 1476 1316 1514 75

63 1532 256 1575 Oderunt
276 1532 444 1574 hilarem
467 1532 614 1581 tristes,
638 1530 876 1586 tristemque
893 1530 1023 1586 jocosi
1041 1546 1050 1578 ;

65 1590 260 1632 Sedatum
282 1589 447 1639 celeres,
470 1588 619 1644 agilem
643 1603 874 1643 navumque
896 1588 1076 1629 remissi:

65 1647 235 1690 Potores
255 1647 407 1700 [bibuli
427 1646 562 1688 media
584 1646 635 1687 de
656 1655 776 1687 nocte
802 1645 966 1687 Falerni

57 1705 277 1758 Oderunt]
298 1713 483 1761 porrecta
503 1713 722 1760 negantem
745 1703 915 1759 pocula3
948 1702 1132 1759 quamvis

64 1762 298 1806 Nocturnos
313 1763 428 1819 jures
452 1771 490 1804 te
512 1761 726 1803 formidare
748 1776 928 1817 vapores.
1264 1762 1317 1801 80

63 1819 202 1863 Deme
222 1820 441 1876 supercilio
461 1819 635 1860 nubem:
669 1818 911 1875 plerumque
932 1818 1138 1860 modestus

66 1877 255 1934 Occupat
275 1877 435 1919 obscuri
454 1876 646 1932 speciem,
670 1876 893 1918 taciturnus
913 1876 1062 1918 acerbi.

14 1979 16 1983 ,
65 1935 181 1978 Inter
201 1943 347 1977 cuncta
367 1935 481 1991 leges
502 1942 544 1976 et
563 1934 856 1990 percontabere
878 1934 1041 1982 doctos;

66 1993 163 2042 Qu&
185 1994 340 2035 ratione
361 2007 488 2048 queas
509 1992 719 2034 traducere
741 1991 889 2033 leniter
910 2006 1041 2033 aevum
1060 2007 1068 2031 :

16 2084 18 2087 v
66 2049 134 2092 Ne
155 2061 195 2092 te
216 2065 376 2106 semper
397 2050 514 2105 inops
534 2050 664 2106 agitet
683 2059 888 2105 vexetque
911 2049 1070 2104 cupido,
1264 2050 1318 2089 85

66 2107 134 2150 Ne
156 2123 292 2164 pavor,
316 2116 358 2149 et
377 2122 511 2148 rerum
534 2106 792 2148 mediocriter
813 2107 974 2149 utilium
996 2121 1114 2162 spes:

7 2214 10 2215 ⁷
66 2165 274 2207 Virtutem
296 2164 480 2206 doctrina
501 2172 628 2220 paret,
652 2173 848 2206 naturane
869 2164 1015 2204 donet:

67 2221 181 2272 Quid
204 2222 362 2264 minuat
381 2237 510 2271 curas,
533 2221 631 2277 quid
653 2229 692 2263 te
714 2221 789 2263 tibi
809 2222 953 2263 reddat
973 2220 1172 2262 amicum:

69 2279 182 2328 Quid
203 2295 304 2336 pure
326 2279 576 2335 tranquillet,
600 2278 740 2327 honos,
761 2294 813 2320 an
836 2279 953 2320 dulce
976 2277 1181 2328 lucellum,

69 2338 139 2379 An
160 2346 361 2380 secretum
382 2337 472 2388 iter,
497 2345 538 2379 et
557 2336 736 2378 fallentis
756 2336 901 2379 semita
922 2336 1027 2378 vitae.
1269 2337 1322 2375 90

680 2407 706 2435 E
727 2397 755 2435 4
