1390 2586
411 124 676 153 SATmAnUM
706 123 794 151 ΜΒ.
819 125 847 152 1.
869 113 909 152 3.
1260 112 1285 150 5

40 226 225 270 Fufidius
245 241 387 283 vappae
406 226 554 268 famam
577 226 695 268 timet
713 241 760 267 ac
781 225 1010 274 nebulonis,

39 285 172 327 Dives
190 285 311 341 agris,
334 284 447 325 dives
467 284 608 340 positis
628 283 670 324 in
692 284 832 324 fenore
854 283 1044 332 nummis,

41 341 201 392 Quinas
220 342 287 384 hic
307 341 428 397 capiti
450 341 658 382 mercedes
679 349 855 389 exsecat,
878 350 1002 396 atque

41 399 210 449 Quanto
229 399 425 455 perditior
445 399 620 455 quisque
642 408 715 448 est,
739 406 852 440 tanto
872 400 1003 440 acrius
1025 406 1156 454 urget.
1235 399 1286 438 15

40 456 220 499 Nomina
239 466 416 499 sectatur
436 457 556 498 modo
575 457 736 512 sumpta
759 466 870 497 veste
892 455 997 496 virili

42 514 128 557 Sub
149 514 331 571 patribus
351 514 462 555 duris
483 515 672 556 tironum.
736 507 936 563 Maxime}
960 513 1052 570 quis
1077 528 1171 561 non,

39 571 230 628 Jupiter!
259 572 471 621 exclamat,
494 572 615 614 simul
634 570 965 634 atquepudivit'?
987 566 1086 612 “At
1106 570 1146 610 in
1168 585 1211 612 se

44 629 126 671 Pro
145 638 304 686 quaestu
324 632 530 684 sumptum
554 630 650 671 facit
670 629 746 670 hic.
807 629 890 670 Vix
914 629 1078 670 credere
1099 628 1239 684 possis,

41 686 178 736 Quam
199 687 274 729 sibi
297 702 377 729 non
399 688 451 728 sit
470 687 648 737 amicus;
670 687 726 729 ita
750 703 773 727 u
841 695 926 729 ater
947 687 1029 736 ille,
1047 686 1220 728 Terenti
1233 687 1287 726 20

42 743 200 786 Fabula
220 760 344 801 quem
365 745 555 786 miserum
578 760 633 801 gn
896 745 910 785 f

638 753 704 786 ato
752 744 874 786 ixisse
916 754 1037 801 ugato
1255 765 1265 776 a
1319 730 1390 783 *l*

41 800 219 852 Inducit,
242 818 322 844 non
345 817 388 844 se
409 803 526 858 pejus
547 802 654 844 cruci
735 802 787 843 rit
806 811 931 858 atque
953 802 1030 843 hic.
1250 776 1390 860 agua

45 859 88 901 Si
111 860 202 916 quis
222 875 332 901 nunc
352 870 519 916 quaerat,
545 859 642 909 Quo
707 875 726 901 s
748 860 833 902 haec
854 858 1067 916 pertinet?
1097 858 1217 900 illuc:
1335 875 1390 904 a.

42 915 158 959 Dum
180 917 308 960 vitant
327 917 440 960 stulti
461 917 571 969 vitia,
594 918 637 958 in
683 918 861 959 ontraria
882 926 1061 959 currunt.
1201 916 1252 979 Ιζ(
1342 931 1390 980 (J,

1182 1005 1195 1011 -
1222 988 1390 1038 ΜΕΝ

1215 1068 1235 1074 -
1281 1056 1390 1093 aa&

542 1110 701 1139 SATIRA
734 1111 805 1138 111.

45 1179 252 1222 Omnibus
273 1180 349 1223 hoc
370 1181 512 1224 vitium
535 1192 597 1224 est
616 1181 860 1230 cantoribus,
883 1181 991 1223 inter
1011 1180 1161 1222 amicos

45 1237 110 1280 Ut
127 1253 338 1294 nunquam
359 1239 555 1282 inducant
573 1240 754 1281 animum
777 1251 939 1280 cantare
961 1238 1106 1295 rogati,

44 1295 195 1351 lnjussi
216 1311 426 1352 nunquam
447 1297 654 1339 desistant.
717 1297 868 1339 Sardus
890 1297 1065 1338 habebat

44 1351 122 1395 Ille
144 1353 349 1410 Tigellius
370 1354 457 1396 hoc}
520 1355 668 1403 Caesar,
689 1355 760 1410 qni
782 1370 928 1411 cogere
951 1362 1100 1410 posset,

46 1410 92 1452 Si
113 1419 273 1466 peteret
292 1427 365 1468 per
385 1412 603 1454 amicitiam
625 1412 749 1468 patris
769 1421 892 1467 atque
913 1427 1040 1462 suam,
1064 1426 1145 1453 non
1268 1413 1293 1450 5

45 1467 283 1524 Quidquam
303 1469 543 1525 proficeret3
575 1470 607 1510 si
629 1469 890 1519 collibuisset,
913 1469 963 1511 ab
985 1485 1061 1511 ovo

45 1523 193 1582 Usque
213 1526 264 1568 ad
284 1527 389 1568 mala
409 1527 552 1569 citaret
574 1527 621 1568 Io
644 1527 806 1569 Bacche
824 1527 833 1568 l
865 1527 984 1568 modo
1005 1526 1163 1568 summa

44 1581 173 1633 Voce,
196 1583 315 1625 modo
334 1584 420 1634 hac,
443 1594 605 1627 resonat
626 1600 717 1640 quae
738 1585 896 1626 chordis
918 1594 1092 1640 quatuor
1112 1584 1204 1625 ima.

45 1639 120 1682 Nil
140 1641 296 1697 aequale
318 1641 472 1683 homini
493 1643 571 1684 fuit
591 1643 661 1684 illi.
726 1643 844 1698 Saepe
866 1643 979 1684 velut
999 1642 1070 1698 qui

47 1697 263 1751 currebat,
283 1699 447 1755 fugiens
468 1700 638 1750 hostem,
663 1715 846 1756 persaepe
867 1700 981 1741 velut
1004 1699 1075 1756 qui
1242 1701 1292 1739 10

43 1755 71 1797 J
76 1755 220 1797 unonis
239 1771 351 1798 sacra
370 1751 518 1799 ferret:
550 1758 726 1800 habebat
745 1773 852 1814 saepe
873 1758 1084 1807 ducentos,

48 1813 167 1868 Saepe
189 1813 328 1855 decem
350 1829 511 1865 servos3
543 1816 663 1857 modo
684 1831 803 1872 reges
823 1825 946 1871 atque
969 1814 1202 1864 tetrarchas,

47 1869 202 1912 Omnia
218 1886 366 1927 magna
381 1872 568 1928 loquens3
591 1873 724 1923 modo,
746 1874 810 1915 Sit
831 1874 929 1914 mihi
952 1888 1091 1914 mensa
1113 1872 1237 1928 tripes
1254 1879 1295 1912 et

47 1927 217 1970 Concha
236 1929 330 1970 salis
352 1931 456 1985 puri,
480 1940 522 1973 et
542 1939 650 1988 toga,
675 1947 767 1987 quae
787 1931 1008 1972 defendere
1029 1931 1172 1986 frigus,

47 1983 248 2034 Quamvis
269 2001 412 2040 crassa,
435 1996 570 2043 queat.
634 1988 786 2030 Decies
807 1997 982 2030 centena
1002 1988 1181 2029 dedisses
1244 1989 1295 2027 15

47 2041 162 2084 Huic
181 2058 303 2099 parco
324 2045 462 2099 paucis
483 2054 688 2096 contento,
712 2047 896 2102 quinque
918 2047 1061 2087 diebus

46 2098 120 2142 Nil
141 2109 228 2143 erat
247 2100 288 2142 in
311 2100 466 2144 loculis.
528 2102 680 2146 Noctes
700 2105 896 2161 vigilabat
915 2104 965 2145 ad
987 2104 1120 2159 ipsum

49 2155 206 2207 Mane3
237 2158 344 2200 diem
366 2169 497 2202 totum
518 2161 726 2203 stertebat.
788 2161 862 2203 Nil
883 2162 961 2202 fuit
982 2176 1162 2215 unquam

49 2213 119 2256 Sic
138 2215 268 2271 impar
287 2216 378 2258 sibi.
440 2217 564 2259 Nunc
583 2218 730 2274 aliquis
752 2219 859 2261 dicat
879 2219 1000 2260 mihi:
1026 2218 1139 2267 Quid
1160 2216 1239 2260 tu?

20 2311 26 2325 ,ι
48 2269 229 2314 Nullane
268 2273 393 2316 habes
432 2275 531 2317 vitia
551 2273 570 2317 ?
644 2276 776 2318 Immo
815 2277 894 2318 alia
934 2285 976 2318 et
1014 2276 1181 2318 fortasse
1220 2275 1298 2318 mi·

159 2344 271 2373 nora.
1242 2336 1297 2374 20

630 2404 658 2432 Β
679 2394 707 2432 3
