1390 2586
1344 0 1390 77 Ξῖ

129 87 214 131 244
561 87 927 119 INTERPRETATIO.
1237 71 1382 150 [Εωὲἐῑς

135 198 265 227 rumque
288 189 462 227 iniquorum
486 192 577 226 atque
600 187 810 225 antiquissima
835 195 963 224 quaeque
986 185 1017 216 in
1041 184 1188 215 invidiam
1210 195 1309 225 novae,
1325 189 1377 223 ut:

135 231 180 260 ita
201 229 309 266 dicam,
331 237 488 269 poetarum
514 235 602 259 sectae
627 230 715 258 unice
737 229 976 268 praedicantium,
1001 233 1031 257 et
1049 225 1202 268 propriam
1221 238 1306 258 suam
1322 229 1360 275 εἰς

135 273 244 303 iisdem
261 274 443 302 sententiam
459 279 592 311 exponat
613 271 654 310 (v.
670 270 736 309 89),
761 271 904 300 extremis
920 270 1006 309 quasi
1020 270 1212 300 lineamentis
1227 268 1362 310 descripg

138 321 211 350 tam,
235 317 287 345 sed
310 325 455 354 perquam
474 315 641 353 ingeniose,
664 314 838 343 Graecorum
861 319 891 342 et
909 314 1114 342 Romanorum
1129 313 1262 342 indolem
1276 313 1360 349 vita-

137 368 197 395 que
212 358 344 387 rationes
358 359 438 387 inter
450 367 481 386 se
497 361 650 395 comparat
673 355 715 395 (v.
734 355 818 394 106),
841 365 876 385 eo
892 354 1014 393 quidem
1030 355 1164 390 consilio,
1187 360 1221 384 ut
1236 339 1363 402 demum}

137 406 221 436 stret,
251 401 275 429 si
303 401 477 429 Graecorum
500 398 703 428 vetustissima
726 407 855 436 quaeque
877 397 1011 426 carmina
1035 397 1096 426 sint
1118 398 1211 426 etiam
1237 398 1363 442 optimag

137 443 194 472 hoc
215 443 296 471 idern
307 443 458 481 judicium
472 442 503 470 in
528 442 735 470 Romanorum
751 439 934 469 carminibus
949 440 1047 469 locum
1063 439 1174 469 habere
1190 449 1250 468 non
1266 448 1370 484 possa&⁴

138 485 258 514 Deinde
271 495 338 514 cum
355 485 561 522 antiquiorum
575 484 781 512 Romanorum
806 482 928 520 ingenio
950 491 968 511 a
982 481 1188 511 subtilioribus
1205 482 1365 512 Musarum

137 527 251 556 artibus
274 527 373 556 alieno
395 537 455 556 non
480 528 544 556 sine
559 526 661 563 aliqua
684 525 834 554 derisione
860 524 1008 553 fervidum
1031 523 1107 553 illud
1132 523 1266 553 studium
1281 515 1366 565 com{

137 570 234 608 ponit,
257 579 317 607 quo
341 580 402 598 suae
423 568 520 598 aetatis
540 568 679 597 homines
700 568 736 596 ad
754 577 856 596 versus
876 566 1050 596 scribendos
1071 566 1236 605 rapiantur,
1261 565 1364 600 addita·

137 621 196 650 que
212 612 310 650 poesis
325 612 540 646 laudationem,
566 610 596 638 in
614 611 674 648 qua
689 619 705 638 a
724 610 828 648 jocosa
843 614 874 638 et
889 607 1036 638 submissa
1052 608 1197 638 tractione
1213 617 1309 646 usque
1323 605 1365 651 at}

137 654 298 683 sublimem
317 653 496 692 gravitatem
513 653 642 690 assurgit
665 649 708 691 (v.
736 651 820 688 138).
872 651 978 680 Postea
995 651 1132 688 Augusto
1145 650 1243 689 poesis
1258 649 1366 684 condi-;

137 696 251 725 tionem
271 702 301 725 et
322 697 480 732 rationem,
505 695 602 733 qualis
622 700 693 723 tunc
710 694 815 723 Romae
836 693 902 729 fuit,
919 693 1044 722 scenicae
1059 693 1090 722 in
1108 692 1225 731 primis,
1238 686 1365 730 exponiss

139 737 182 776 (v.
206 738 294 776 213),
317 746 408 777 atque
434 738 525 767 etiam
553 738 684 775 reliquos
710 741 813 774 poetas
842 742 951 774 praeter
973 735 1104 764 scenicos
1128 734 1257 773 principi
1279 726 1367 764 com:

137 781 272 817 mendat,
307 791 342 810 eo
371 780 560 818 potissimum
590 779 714 809 nomine
740 788 801 807 non
830 778 1036 816 negligendos,
1071 777 1142 816 quia
1170 776 1307 815 generosi
1332 781 1367 814 ek

139 823 243 862 populi
264 829 294 852 et
314 823 459 862 principis
479 821 599 851 intersit
621 821 779 860 praeclaros
794 821 936 859 praeclare
956 819 1102 849 factorum
1117 828 1270 858 praecones
1286 815 1366 848 nan-1

138 865 208 894 cisci
235 864 276 904 (v,
294 866 382 902 250),
404 865 484 903 quod
508 865 582 893 dum
611 864 683 893 dicit
703 867 809 901 sponte
834 863 919 900 quasi
948 868 978 891 et
1000 862 1066 900 ipsa
1086 861 1232 891 sermonis
1253 860 1303 890 via
1324 844 1369 896 ad

140 914 208 937 eam
231 908 458 937 excusationem
482 907 626 942 defertur,
651 906 712 944 qua
738 902 819 934 haud
841 905 935 934 semel
958 905 989 933 in
1005 904 1153 943 poematis
1177 903 1239 932 suis
1258 901 1371 940 utiturfi

139 959 171 979 se
196 950 320 988 quidem
345 950 437 979 tantis
458 954 581 988 tamque
601 948 767 987 splendidis
788 948 877 976 rebus
901 948 938 976 ab
954 948 1092 983 Augusto
1109 946 1202 984 gestis
1216 940 1367 984 imparenff

138 1002 204 1021 esse
219 993 416 1022 celebrandis.
439 993 514 1022 Zell.
561 990 694 1025 Etenim,
711 995 746 1018 ut
759 989 831 1018 alibi
847 991 910 1028 jam
926 989 1170 1027 significavimus,
1184 986 1367 1017 abhorrebai'

139 1035 259 1064 animus
286 1036 484 1072 voluntasque
509 1034 572 1072 ejus
596 1043 614 1062 a
637 1038 699 1062 toto
721 1032 773 1061 illo
800 1041 911 1070 genere
939 1030 1132 1070 panegyrico,
1155 1030 1256 1060 medio
1284 1030 1371 1074 inteq⁴

138 1077 258 1116 epicum
285 1083 314 1106 et
339 1077 468 1116 lyricum
498 1082 529 1105 et
556 1077 592 1105 ab
619 1081 747 1114 utroque
774 1080 898 1104 remoto.
942 1073 1059 1112 Scripta
1083 1073 1204 1102 videtur
1227 1072 1370 1114 Epistola⁴²

135 1127 168 1149 A.
185 1127 216 1148 u.
234 1127 261 1148 c.
282 1119 352 1154 744,
379 1118 496 1148 Horatii
514 1125 564 1147 nv,
1364 1127 1372 1145 ,-

184 1161 211 1196 l,
228 1163 256 1191 2.
289 1159 464 1200 [sustineas]
498 1162 506 1176 ‘
521 1159 714 1189 administres
740 1159 793 1196 ita,
815 1163 849 1187 ut
873 1162 958 1187 tanto
979 1156 1063 1186 oneri
1089 1167 1144 1195 par
1169 1157 1210 1186 sis
1228 1146 1370 1197 viribus’J

139 1205 289 1234 Sustincre
318 1210 421 1233 autem
447 1205 573 1242 negotia,
596 1207 630 1231 ut
652 1212 784 1232 onus.-
798 1198 907 1240 [solus]
931 1199 1028 1229 Tacit.
1055 1199 1135 1229 Ann.
1160 1199 1187 1235 l,
1211 1199 1239 1235 2,
1263 1199 1365 1229 eadem

138 1248 366 1286 magistratuum
394 1246 544 1280 vocabula,
566 1245 773 1274 sed--omnes
796 1244 886 1272 exuta
915 1243 1085 1281 (equalitate
1105 1241 1194 1281 jussa
1219 1242 1370 1280 principis,

140 1290 375 1327 adspectare.—-
394 1287 469 1327 [Res
490 1285 602 1325 Italas]
637 1289 644 1302 ⁴
660 1286 826 1324 Imperium
850 1286 1022 1314 Romanum
1047 1289 1108 1313 tam
1130 1290 1237 1322 potens
1259 1283 1370 1312 reddi--

139 1331 220 1367 disti,
237 1336 270 1360 ut
285 1332 460 1369 nullusjam
477 1329 571 1358 hostis
586 1329 614 1358 ei
635 1329 816 1357 metuendus
831 1325 1080 1366 sie—[moribus
1093 1324 1193 1365 ornes]
1217 1326 1226 1341 ‘
1241 1335 1371 1364 operam:

138 1383 264 1409 navans,
288 1379 322 1402 ut
346 1383 443 1402 mores
464 1382 518 1410 per
538 1372 618 1401 bella
639 1371 670 1399 in
693 1370 797 1409 primis
821 1369 920 1398 civilia
937 1369 1016 1398 foede
1032 1368 1163 1406 corrupti
1178 1368 1217 1397 ad
1232 1368 1363 1407 priorem

139 1416 278 1445 decorem
308 1414 574 1453 integritatemque
598 1419 784 1447 revocentur,
807 1412 899 1450 idque
927 1411 1038 1449 partim
1063 1411 1184 1449 proprio
1213 1410 1364 1448 exemplo,

139 1458 250 1496 partim
278 1467 380 1487 severe
404 1457 518 1496 punitis
541 1455 686 1485 adulteris
709 1461 800 1492 atque
825 1453 995 1492 impudicis,
1019 1452 1128 1491 partim
1145 1453 1210 1490 lege
1225 1453 1262 1481 de
1276 1452 1364 1481 adul-

139 1501 224 1530 teriis
237 1501 297 1530 lata
313 1506 342 1530 et
357 1501 452 1529 altera
466 1500 504 1528 de
518 1498 697 1528 maritandis
711 1496 867 1526 ordinibus
887 1496 993 1525 saltem
1014 1495 1203 1534 praeparata!
1227 1495 1287 1524 cfr.
1305 1494 1363 1524 Od.

137 1543 155 1572 4
183 1544 212 1577 5,
231 1543 280 1572 21.
546 1561 550 1569 .

159 1565 167 1580 ,
182 1585 213 1621 3,
230 1586 257 1614 4.
282 1583 429 1624 [Legibus
451 1580 600 1622 emendes]
638 1581 794 1619 Significat
817 1580 969 1619 praecipue
992 1579 1235 1608 emendationem
1259 1578 1365 1608 formas

139 1627 315 1666 reipublicae
339 1627 429 1656 totius
455 1630 522 1665 post
551 1625 725 1654 turbulenta
750 1624 802 1652 illa
831 1623 979 1652 bellorum
1002 1621 1135 1652 civilium
1160 1627 1306 1659 tempora.
1330 1620 1363 1650 in

139 1670 246 1708 primis
266 1675 434 1699 accuratam
458 1676 488 1697 et
512 1667 609 1696 Italiae
635 1672 665 1695 et
688 1664 910 1704 provinciarum
927 1660 1364 1702 administrationem—[tua

141 1710 287 1751 tempora]
313 1713 320 1727 ‘
333 1721 399 1748 quae
415 1710 446 1740 in
463 1709 585 1747 negotia
598 1709 718 1748 publica
732 1708 885 1737 insumere
900 1706 1078 1736 decrevisti!

183 1755 213 1791 5,
229 1754 257 1783 6.
284 1751 457 1793 [Romulus]
481 1754 489 1768 ‘
504 1753 620 1781 Heroes
635 1751 679 1780 illi
697 1750 813 1788 antiqui
835 1751 911 1779 bene
932 1749 969 1778 de
989 1758 1100 1786 genere
1115 1748 1250 1777 humano
1263 1746 1364 1776 meriti

141 1803 208 1836 post
219 1802 345 1825 mortem
359 1797 482 1824 demum
497 1796 534 1823 ab
549 1793 734 1828 hominibus,
746 1798 835 1821 antea
850 1791 971 1826 invidis,
981 1790 1072 1829 justis
1087 1790 1251 1820 honoribus
1265 1788 1365 1819 affecti

140 1848 176 1868 ac
192 1849 246 1878 pro
262 1839 307 1868 dis
327 1838 399 1867 culti
415 1842 503 1866 sunt:
526 1835 692 1875 sapientius
707 1835 830 1873 quidem
846 1840 884 1871 te,
900 1833 1015 1862 invidia
1029 1833 1257 1871 majorem,jam
1273 1841 1364 1867 nunc,

143 1886 177 1910 ut
192 1881 328 1918 mereris,
349 1885 509 1909 veneratur
524 1879 652 1917 populus
668 1878 842 1911 Romanus;
863 1877 916 1905 sed
932 1876 1013 1904 idem
1029 1875 1060 1904 in
1075 1881 1234 1914 poetarum
1249 1873 1364 1904 meritis

143 1933 214 1953 vere
229 1922 413 1952 aestimandis
428 1922 528 1951 minus
553 1926 635 1950 recto
651 1919 768 1958 judicio
793 1919 838 1948 uti
860 1917 1178 1947 consuevit.’-Mira
1196 1922 1262 1945 arte
1276 1924 1365 1945 voca-

144 1967 217 1996 bulo
235 1967 335 1995 Coesar
357 1963 512 2003 subjungit
532 1973 559 1992 v.
575 1963 714 1992 Romulus
728 1973 738 1991 :
761 1971 832 1990 nam
848 1960 1031 1990 Octavianus
1047 1960 1122 1989 alter
1142 1959 1282 1988 Romulus
1296 1957 1364 1994 fuit,

143 2014 180 2037 ut
203 2014 357 2038 senatores
381 2006 519 2036 nonnulli
543 2015 613 2035 eum
633 2004 848 2043 appellandum
871 2007 1068 2036 consuerant3
1091 2000 1250 2040 praevaluit
1263 2005 1364 2030 tamen

142 2052 275 2090 Augusti
289 2059 409 2079 nomen.
442 2051 524 2078 Suet.
541 2049 607 2077 Oct.
631 2046 659 2081 7.
671 2063 713 2068 -
724 2045 812 2086 [Post
827 2041 1069 2085 ingentiafacta]
1093 2047 1101 2060 ⁸
1115 2044 1186 2073 Post
1199 2052 1247 2072 res
1265 2047 1364 2080 gestas

143 2093 258 2122 eximia
273 2091 503 2129 virtutis’gloria
518 2090 549 2119 in
570 2094 751 2128 perpetuum
767 2087 976 2117 memorabiles
999 2087 1030 2115 in
1055 2087 1181 2115 deorum
1203 2093 1363 2114 numerum

142 2136 250 2164 relati:
260 2136 429 2164 —deorum
443 2135 474 2163 in
491 2133 598 2171 templa
611 2129 738 2171 recepti]
757 2132 764 2146 ‘
774 2132 811 2160 ab
826 2128 1020 2164 hominibus,’
1033 2127 1202 2166 significatu
1218 2135 1245 2156 v.
1257 2127 1365 2165 templa

141 2178 273 2216 proprio,
299 2187 359 2206 non
376 2177 425 2205 ‘in
441 2175 570 2205 coelum.’

183 2219 274 2254 7-9,
301 2217 576 2258 [Dum—condunt,
599 2213 773 2255 Ploravere]
798 2217 806 2231 ‘
823 2215 903 2244 Dum
924 2215 1002 2243 bene
1024 2217 1179 2242 merentur
1204 2211 1242 2240 de
1263 2209 1364 2240 bomi-

141 2261 240 2297 nibus,
273 2271 353 2300 aegre
382 2262 478 2291 tulere
506 2265 537 2290 et
559 2269 637 2298 saepe
660 2257 816 2296 conquesti
845 2262 916 2287 sunt
942 2257 980 2286 de
1008 2255 1126 2294 ingrato
1151 2252 1274 2284 illorum
1295 2252 1362 2283 ani-

138 2305 209 2341 mo,'
232 2305 287 2334 &c.
