1390 2586
1345 0 1384 66 t

1372 70 1381 94 ἐἴ

118 107 198 149 164.
545 108 912 139 mmssmmssto.
1246 109 1337 152 [st-r.
1376 102 1378 116 ²

1229 176 1238 190 1

115 208 202 237 locis
232 207 512 245 comprehendamus.
558 207 604 236 Eo
629 207 735 236 salsior
763 213 866 236 autem
891 213 937 237 est
961 208 1054 243 locus,
1079 209 1160 246 quod
1189 209 1338 240 artificiali

114 250 270 279 memoriae
292 259 399 287 parum
422 254 475 278 aut
497 249 573 277 nihil
595 249 736 278 tribuisse
755 250 915 279 Horatium
931 250 993 279 veri
1015 250 1114 280 simile
1128 257 1182 280 est.
1198 267 1241 274 —
1257 250 1336 291 [oin-

113 289 199 330 cant]
220 293 384 320 Athenaeus
400 291 428 326 7,
445 291 502 320 36:
519 288 733 325 Ἀλαζονικόν
748 290 815 321 ἐστι
829 291 900 322 πᾶν
915 291 952 322 τὸ
967 293 1033 322 τῶν
1046 293 1211 333 μαγείρων
1225 293 1338 334 φῦλον.

114 349 155 354 -—
173 332 339 373 [Anytique
353 331 449 372 reum]
473 335 627 362 Socratem
641 339 816 363 accusatum
831 344 849 363 a
865 334 971 363 Melito
986 335 1136 374 hujusque
1152 337 1335 375 subscripto-

114 376 198 405 ribus
211 374 436 415 (συνηγόροις)
450 377 553 414 Anyto
565 381 596 405 et
611 376 743 414 Lycone,
761 377 835 405 Plat.
853 377 938 415 Apol.
955 378 1035 406 Socr.
1050 387 1079 416 p.
1092 378 1142 407 23.
1162 379 1197 407 E.

155 419 249 448 4-9.
267 416 370 458 [laevo]
387 418 568 456 Oppositum
585 419 647 447 Sat.
665 419 694 453 2,
712 418 738 453 l,
754 418 803 454 18,
812 420 915 448 dextro
929 423 1063 457 tempore.
1075 435 1117 441 —
1129 417 1252 459 [bonus]
1266 420 1336 451 Non
1379 431 1383 437 ·

114 466 160 490 est
182 470 236 499 pro
252 461 398 495 vocativo,
413 461 482 489 sed:
509 462 516 476 ‘
530 470 584 498 pro
605 461 699 489 animi
722 461 766 489 tui
789 461 932 496 bonitate,
954 462 1067 499 optime
1088 463 1164 491 mihi
1187 463 1279 499 notz‘iss
1294 477 1338 484 —-

116 500 334 542 [interciderit]
359 502 527 531 ‘exciderit
550 512 566 531 e
591 503 739 532 memoria
762 509 886 541 propter
912 503 1186 542 interpellationem
1216 505 1337 535 meam!

114 560 157 565 —
173 542 281 584 [artis]
311 545 483 573 ‘memoriae
508 545 673 574 artificialis
696 555 714 574 a
738 545 894 574 Simonide
917 545 1068 580 inventae,'
1098 552 1221 585 propter
1245 557 1337 585 quam
1363 573 1366 574 γ

114 587 271 616 scientiam
293 597 311 616 a
326 586 414 616 Catio
434 587 605 616 affectatam
627 587 776 616 malitiose
796 597 867 617 eum
886 588 993 618 irridet
1013 589 1166 618 Horatius.
1181 605 1224 610 —
1241 587 1339 628 [Quin
1362 587 1365 609 ’-

114 627 163 668 id]
182 630 304 658 Gaudet
320 630 423 658 Catius
439 630 594 658 occasione
608 629 761 668 insperato
778 630 835 659 sibi
854 630 955 660 oblata
975 640 1060 659 novae
1081 631 1239 669 sapientiae
1260 641 1339 670 prae-
1362 629 1371 662 ἶ

115 677 203 709 cepta
223 682 292 700 cum
318 672 444 701 Horatio
466 672 721 708 communicandi,
735 673 853 710 hocque
867 673 932 710 ipso
948 673 1038 702 modo
1052 682 1089 702 ea
1102 674 1256 702 memoriae
1271 674 1339 703 affi-
1368 670 1374 677 Α

113 714 178 751 git!
194 729 236 734 ——
253 711 386 753 [tenues]
403 714 433 743 h.
450 715 468 743 l.
485 711 636 750 ίλεπτάς,
658 714 782 744 subtiles
804 719 895 753 atque
916 715 1021 744 subtili
1041 725 1180 745 sermone
1199 721 1339 746 accurate
1369 726 1374 738 ι

113 756 288 794 expositas.’

160 798 208 827 11.
234 797 337 838 [Ipsa]
363 799 413 828 Sic
430 803 580 838 praecepta
595 803 790 837 opponuntur
809 800 923 828 auctori
945 800 1040 828 multo
1059 799 1177 835 melius,
1199 809 1291 838 quam
1313 799 1340 830 si
1366 806 1377 830 ὲ

111 839 195 879 legas
210 842 279 879 ipse.
297 857 338 862 ——
355 839 491 880 [canam]
515 842 602 879 quasi
623 842 700 870 alter
716 841 927 879 Empedocles,
950 842 997 870 vel
1019 842 1110 870 etiam
1126 841 1316 880 Pythagoras
1331 853 1339 872 :

111 883 401 922 Magna—Quaeque
423 885 475 913 diu
497 885 609 914 latuere
631 894 742 913 canam.
766 883 869 921 (Ovid.
887 884 961 912 Met.
980 884 1028 919 15,
1046 883 1128 922 146.)
1143 900 1186 905 —
1203 882 1337 924 [auctor]

115 925 207 954 Haud
223 935 345 963 prorsus
361 927 558 964 improbabile
571 931 625 960 est,
641 925 722 964 quod
737 926 830 955 tradit
845 927 961 955 Comm.
979 927 1039 961 Cr.,
1056 927 1176 955 Catium
1193 927 1293 965 ipsum
1306 927 1340 956 in

112 967 190 996 libro
211 977 265 997 suo
285 968 470 1006 significasse
491 969 636 1006 pleraque
657 978 689 997 se
705 969 815 998 debere
830 968 894 998 viro
907 969 997 998 alicui
1013 969 1174 1006 conspicuo
1189 969 1340 1007 simulque
1365 973 1372 987 'v

113 1010 186 1038 artis
206 1011 389 1048 coquinariae
411 1011 604 1049 peritissimo,
627 1013 711 1048 cujus
733 1020 844 1040 nomen
868 1016 971 1040 tamen
994 1011 1154 1040 celandum
1175 1011 1279 1050 fuerit,
1302 1021 1341 1041 ne
1366 1022 1373 1031 ’-

113 1052 247 1090 dignitas
263 1054 327 1090 ejus
342 1062 463 1091 quoquo
478 1053 568 1081 modo
582 1053 780 1082 minueretur.

159 1095 290 1124 12—14.
317 1093 453 1134 [Longa]
479 1096 594 1124 “Bene
614 1097 651 1124 ab
675 1095 739 1124 ovis
761 1095 877 1133 incipit,
896 1095 928 1124 id
950 1099 1005 1130 est,
1024 1096 1062 1124 ab
1081 1095 1168 1124 initio
1188 1104 1291 1131 coenae,
1307 1099 1343 1125 ut
1366 1098 1375 1126 ἱ

114 1137 197 1170 alibi,
214 1138 275 1166 Sat.
292 1137 318 1172 l,
337 1138 367 1172 3,
384 1138 413 1172 7,
430 1139 479 1166 Ab
501 1148 550 1167 ovo
571 1147 661 1176 usque
682 1138 723 1166 ad
739 1138 846 1167 mala.’'
870 1138 935 1166 Sch.
950 1153 992 1158 —-
1009 1135 1103 1176 [succi
1119 1135 1262 1177 melioris]
1279 1147 1342 1167 non
1359 1147 1375 1173 ,al

114 1184 178 1208 tam
191 1181 334 1218 gratioris
349 1181 471 1218 saporis,
492 1185 525 1208 ut
540 1180 570 1208 h.
586 1179 605 1208 l.
627 1179 779 1208 intellexit
795 1181 859 1218 jam
877 1179 993 1209 Plinius
1011 1180 1048 1208 H.
1065 1180 1102 1208 N.
1121 1180 1169 1216 10,
1184 1179 1235 1215 74,
1250 1189 1343 1218 quam

115 1223 124 1238 ⁶
137 1219 344 1261 εὐχυμότερα,
377 1232 444 1260 quae
473 1221 591 1251 facilius
624 1227 854 1259 concoquuntur
882 1222 1092 1259 salubriusque
1120 1222 1344 1251 nutrimentum

114 1264 272 1301 praebent!
319 1264 424 1292 Celsus
449 1265 478 1299 2,
504 1264 554 1299 20,
584 1264 662 1293 Boni
689 1266 768 1294 sacci
795 1266 1043 1300 sunt—cucumis,
1071 1265 1235 1299 cucurbita,
1261 1274 1344 1294 ovum

115 1307 231 1335 sorbile.
241 1322 283 1326 —
297 1303 398 1345 [alba]
415 1307 482 1344 Ipse
496 1306 651 1335 Bentleius
662 1316 756 1344 quum
767 1306 894 1336 sentiret
905 1308 982 1344 conj.
993 1315 1079 1335 suam
1093 1307 1170 1336 alma
1187 1305 1210 1345 (‘
1219 1306 1344 1343 alibilia,

115 1349 304 1383 nutrientia,'
324 1347 496 1386 nutritious)
522 1348 624 1386 respui
650 1358 667 1377 a
690 1358 829 1378 sermone
855 1349 1032 1386 quotidiano
1053 1347 1124 1386 (etsi
1145 1349 1239 1378 almus
1261 1359 1345 1387 ager,

116 1391 196 1420 alma
210 1392 294 1426 viles,
309 1391 388 1420 alma
403 1392 494 1420 ubera
510 1391 609 1420 locum
624 1391 739 1420 habent
758 1391 790 1420 in
811 1400 950 1420 sermone
972 1391 1057 1429 epico
1079 1396 1110 1420 et
1129 1389 1343 1429 didascalico);

116 1432 150 1461 in
175 1433 264 1462 Curis
290 1433 462 1462 novissimis
486 1433 578 1462 rediit
601 1433 640 1462 ad
664 1433 811 1462 librorum
834 1434 901 1462 lect.
922 1434 992 1462 alba
1016 1438 1158 1472 recteque
1179 1433 1284 1462 retulit
1305 1433 1345 1462 ad

115 1475 211 1504 vitelli
222 1474 296 1514 (non
309 1474 486 1514 albuminis)
498 1476 628 1504 colorem
639 1475 932 1514 albicantem,quum
942 1475 1076 1504 recentia
1085 1480 1165 1510 sunt,
1172 1475 1346 1513 oppositum

117 1518 252 1553 subrufo,
269 1518 320 1556 qui
337 1518 443 1553 oritur,
459 1518 510 1546 ubi
525 1527 582 1547 ova
596 1523 769 1555 putrescere
790 1518 950 1556 incipiunt.
963 1533 1005 1538 ——-
1017 1515 1157 1556 [marem]
1177 1518 1290 1556 Utique
1305 1527 1344 1547 ex

117 1560 262 1598 opinione
284 1561 466 1589 rusticorum
490 1561 708 1589 Romanorum.
753 1560 870 1589 Colum.
893 1560 922 1595 8,
943 1561 972 1595 5,
996 1559 1043 1594 ll,
1070 1559 1164 1591 Quum
1186 1561 1251 1599 quis
1271 1560 1347 1590 volet

117 1612 204 1641 quam
217 1603 358 1640 plurimos
372 1612 469 1632 mares
482 1603 607 1638 excludi,
631 1603 799 1640 longissima
821 1612 939 1641 quaeque
962 1607 991 1631 et
1012 1603 1256 1632 acutissima-ova
1276 1603 1346 1632 sub-

110 1643 221 1683 jiciet,·
245 1649 274 1674 et
291 1655 394 1674 rursus
413 1655 500 1683 quum
511 1642 650 1682 seminas,
671 1655 756 1683 quam
776 1645 993 1674 rotundissima.
1037 1644 1231 1673 Contrarium
1255 1644 1348 1674 tradit

118 1686 244 1715 Aristot.
264 1687 302 1716 H.
320 1687 355 1716 A.
371 1687 400 1719 6,
416 1688 446 1721 2,
462 1687 490 1722 2,
507 1685 575 1716 ἔστι
590 1684 622 1715 δὲ
638 1685 678 1715 τὰ
700 1685 760 1726 μὲν
773 1685 881 1726 μακρὰ
902 1685 957 1715 καὶ
973 1683 1048 1720 ὀξέα
1063 1687 1130 1715 τῶν
1144 1685 1220 1726 ᾠῶν
1235 1684 1348 1723 Θὴλεα,

119 1727 162 1758 τὰ
186 1726 219 1757 δὲ
244 1727 434 1768 στρογγύλα
458 1728 511 1758 καί
538 1725 738 1770 περιφέρειαν
763 1727 886 1767 ἔχοντα
908 1727 992 1758 κατὰ
1016 1728 1052 1758 τὸ
1076 1726 1133 1762 ὀξὺ
1158 1725 1291 1769 ἄῤῥενα.
1306 1742 1350 1752 --

121 1768 287 1810 [cohibent]
315 1771 533 1806 ‘circumdant‚
554 1778 584 1800 et
604 1777 727 1809 propter
748 1771 780 1800 id
802 1771 912 1809 ipsum,
931 1771 1012 1809 quod
1031 1772 1140 1800 callosa
1161 1776 1243 1807 sunt,
1265 1771 1349 1800 haud

118 1813 206 1842 facile
232 1823 301 1842 cum
326 1813 480 1842 albumine
505 1813 649 1842 miscetur
673 1814 812 1843 vitellus.’
828 1829 871 1834 --
886 1811 1027 1852 [callosa]
1054 1813 1176 1851 ‘spissae
1196 1823 1231 1842 ac
1253 1813 1348 1842 firmae

118 1855 255 1884 materiae
267 1856 283 1889 ς’
308 1855 445 1893 intellige
462 1856 500 1884 de
514 1855 628 1890 vitella,
643 1865 704 1884 non
719 1865 789 1884 cum
803 1855 870 1884 aliis
885 1857 923 1884 de
938 1855 1106 1894 putamine.

164 1898 212 1932 15,
230 1897 276 1927 16.
303 1895 430 1936 [Caulo]
459 1899 590 1927 broocoli.
606 1914 648 1918 —
665 1895 862 1937 [suburbano]
892 1898 972 1930 Quia
991 1898 1023 1926 in
1049 1898 1144 1926 hortis
1167 1897 1350 1928 suburbanis

119 1946 230 1978 praeter
246 1940 375 1978 piscinas
398 1940 454 1968 rivi
470 1944 502 1968 et
516 1940 613 1978 euripi
630 1941 813 1969 amoenitatis
828 1941 920 1969 causa
933 1940 1050 1969 inducti
1067 1940 1157 1968 nimis
1172 1940 1351 1969 humectant

119 1983 230 2018 solum,
251 1982 332 2011 unde
352 1982 484 2011 brassica
503 1982 537 2011 fit
556 1982 698 2020 insipida.
743 1983 902 2012 Contraria
922 1991 994 2011 sane
1009 1987 1055 2011 est
1070 1982 1206 2012 doctrina
1222 1982 1350 2011 Palladii

120 2024 150 2059 3,
167 2025 218 2059 24,
233 2025 262 2058 5,
278 2025 556 2063 caules—argillam
571 2029 599 2054 et
612 2026 745 2063 glaream
761 2027 872 2060 timent,
893 2025 1030 2054 sabulone
1051 2029 1081 2054 et
1101 2026 1200 2054 arenis
1221 2035 1277 2053 non
1297 2025 1351 2054 de-

120 2067 277 2102 lectantur,
289 2068 348 2096 nisi
360 2068 497 2105 perennis
512 2068 592 2096 unda
605 2071 818 2096 succurrat.—
831 2065 975 2106 [irriguo]
994 2068 1031 2096 D.
1051 2066 1195 2096 Heinsius
1210 2067 1350 2096 volebat:

120 2110 230 2147 irrigui
245 2110 321 2138 nihil
333 2114 377 2138 est
392 2110 500 2138 elutius
516 2107 626 2146 (magis
641 2109 773 2148 fatuum)
790 2110 869 2138 horti
891 2109 993 2143 caule3
1017 2109 1099 2147 quod
1118 2108 1227 2137 merito
1245 2109 1351 2147 rejecit

122 2151 234 2186 Bentl.,
252 2152 308 2180 etsi
327 2152 458 2180 Batavus
472 2151 548 2180 falsa
563 2153 640 2190 conj.
656 2157 735 2180 recte
750 2152 832 2180 hunc
848 2152 948 2180 locum
963 2151 1180 2189 interpretatus
1196 2155 1250 2179 est.

165 2192 296 2227 17-19,
321 2191 527 2232 [oppresserit]
545 2195 553 2208 ‘
564 2193 748 2234 imparatum
764 2193 977 2232 occupaverit!
1022 2193 1084 2223 Cic.
1099 2193 1139 2222 ad
1150 2191 1216 2221 Att.
1235 2192 1282 2227 13,
1298 2192 1349 2228 38,

120 2244 220 2264 vereor
242 2237 375 2270 maxime,
402 2246 437 2266 ne
459 2237 490 2264 in
516 2236 677 2265 Tusculano
699 2237 910 2274 opprimar.—
927 2233 1050 2274 [malum
1072 2229 1236 2273 resp'onset]
1258 2234 1350 2263 Com-

120 2277 221 2315 parari
246 2283 345 2315 potest
366 2278 423 2306 Od.
446 2279 475 2313 2,
500 2277 548 2312 19,
571 2277 600 2311 6,
624 2279 773 2307 turbidum
796 2279 937 2311 laetatur,-
955 2278 1012 2306 Od.
1032 2277 1061 2312 3,
1076 2276 1126 2312 27,
1142 2277 1192 2311 67,
1207 2277 1351 2315 perfidam

121 2320 222 2350 ridens
232 2330 244 2354 ,·
263 2320 340 2358 Epp.
356 2321 385 2357 2,
401 2321 430 2356 2,
446 2321 476 2356 9,
491 2324 576 2350 canet
591 2321 745 2350 indoctum.
791 2321 881 2350 Esset
895 2320 999 2358 igitur,
1014 2323 1048 2348 ut
1064 2319 1106 2348 ait
1123 2318 1261 2354 Bothius,
1277 2328 1349 2348 con-
