1390 2586
1341 0 1390 80 ἱ

161 97 244 139 232
586 99 947 132 INTERPRETATIO.
1256 85 1386 162 [ειηῷ

163 239 260 278 Caput
288 245 388 268 autem
412 245 442 269 et
461 237 532 278 sons
561 250 598 268 ex
621 240 750 269 formula
778 241 886 270 Latina
916 242 958 271 sic
981 243 1154 282 junguntur
1181 243 1271 274 etiam
1295 254 1332 285 ap
1379 274 1381 279 .

159 281 337 311 Ciceronem
364 282 401 310 de
426 282 476 311 Or.
503 282 530 318 l,
562 282 610 318 10,
631 283 864 321 philosophorum
890 294 1005 324 greges,
1019 285 1087 324 jam
1115 287 1153 316 ab
1175 286 1226 316 illo
1237 284 1322 326 fonte
1368 287 1390 325 ,ἶ

158 324 254 395 3ξὲίέ
266 325 408 395 ῃῖἵὶιέτξεε.
424 340 466 345 -
484 322 582 363 [erat]
615 326 622 340 ‘
639 331 710 354 tunc
741 335 834 363 quum
858 328 996 357 sumebas
1023 327 1182 367 pudenter,
1212 334 1303 367 atque
1329 330 1390 392 ἢ

159 196 229 226 finis
237 196 399 237 primarius
411 202 484 233 erat,
497 202 530 226 ut
539 197 724 227 commodius
735 198 860 235 viveres,
871 199 1047 230 auctoritate
1058 201 1214 239 gauderes,
1226 195 1385 320 ᾶίίᾶιτιξ

200 408 332 438 46-49.
371 406 542 447 [Indotata]
587 408 827 446 ignominiosum
853 414 918 440 erat
947 410 1031 440 fratri
1061 412 1153 442 sorori
1183 412 1284 442 dotem
1313 422 1331 442 n

158 450 239 479 dare.
284 450 344 479 Cfr.
373 451 469 480 Plaut.
496 451 633 479 Trinum.
659 451 689 486 3,
711 451 739 486 2,
766 450 1116 493 62—65.—-[sundue]
1147 456 1155 470 ‘
1171 464 1231 492 quo
1252 417 1382 489 vend&

157 493 258 522 dotem
295 493 397 528 sorori,
431 492 518 521 matri
549 493 692 522 alimenta
721 495 854 531 praebere
882 495 1021 532 possem)
1042 510 1086 518 -—
1108 495 1176 536 [nec
1203 491 1377 542 vendibilis}

159 537 167 550 ‘
183 541 305 573 propter
330 535 360 563 id
390 535 498 573 ipsum,
527 536 607 573 quod
633 535 742 564 sterilis
767 537 831 565 est!
851 553 894 558 —
917 535 1052 576 [pascere
1071 537 1193 577 firmus]
1229 535 1377 590 ssfissatoq

157 587 275 615 semper
299 577 441 613 idoneus3
466 579 474 592 ‘
490 587 544 606 nec
564 579 628 616 ejus
654 582 817 615 proventus
841 584 940 608 tantus
955 585 1009 615 est,
1031 585 1065 610 ut
1084 590 1121 610 ex
1143 590 1179 610 eo
1193 581 1285 610 vitam
1307 588 1380 618 suu?

157 618 520 659 tentem.’—[Succinit]
545 619 698 658 Exprimit
718 620 923 650 mendicorum
943 622 980 651 ad
1001 623 1123 661 templa,
1148 622 1245 658 trivia,
1266 630 1339 662 pont
1374 625 1380 655 ‘1

155 667 401 700 congregatorem
425 668 602 700 perpetuam
616 662 806 699 cantilenam,
830 664 900 700 quii,
928 669 961 693 ut
983 664 1097 702 primus
1118 665 1245 703 quisque
1265 666 1324 704 stip

155 704 280 742 accepit,
303 714 367 733 sese
392 704 555 743 excipiunt.
568 721 610 725 —
622 702 681 743 [Et
695 703 782 744 mihi]
808 707 815 721 ⁶
833 705 910 734 Mihi
925 716 1044 744 quoque
1064 707 1151 746 panis
1166 707 1212 736 vel
1227 703 1376 746 placent&

156 746 285 775 frustum
301 747 381 779 dato,
404 747 446 775 ita
468 751 501 775 ut
523 756 642 783 munus,
665 747 745 784 quod
765 748 842 776 alter
858 753 954 777 totum
968 748 1085 778 auferre
1100 749 1174 785 vult,
1201 743 1384 786 dividatur-{s

154 787 350 828 —-[dividuo]
374 799 417 826 pr.
433 790 441 804 ⁴
452 789 532 827 quod
548 789 640 818 dividi
658 790 774 827 potest‚’
792 795 865 826 tum,
889 792 896 806 ‘
909 791 989 829 quod
1004 800 1085 820 nunc
1098 791 1197 830 ipsum
1209 781 1381 831 dividitur&¹

156 831 224 860 Ter.
242 831 299 860 Ad.
316 831 344 866 2,
365 832 393 866 2,
411 831 462 867 33,
487 831 782 861 Potius—dividuum
792 831 1080 872 saca—[quadra]
1104 843 1149 872 pr.
1169 838 1275 872 quarta
1292 843 1330 872 pa

154 873 237 910 Virg.
256 874 362 902 Moret.
379 873 429 908 47,
451 874 543 903 Levat
561 884 631 912 opus
648 875 812 913 palmisque
830 885 912 904 suum
927 876 1037 905 dilatat
1058 877 1089 905 in
1103 877 1199 906 orbem
1222 877 1264 905 Et
1277 880 1326 906 not
1379 875 1381 878 ’

154 916 303 954 impressis
317 926 399 955 oequo
413 917 579 945 discrimine
598 917 728 955 quadris.
1174 935 1176 937 -
1368 914 1372 918 ⁴

195 958 246 994 50,
259 957 307 987 51.
331 957 407 996 [Sed
421 956 543 998 tacitus]
568 958 576 973 ‘
593 959 716 994 Corvus,
732 968 824 996 quum
841 968 938 988 escam
953 961 1076 998 reperit,
1091 959 1209 990 assidue
1225 961 1334 990 crocita
1359 996 1362 998 ,

151 999 227 1029 alias
248 1010 317 1029 aves
341 1001 443 1036 allicit,
466 1000 644 1038 quibuscum
672 1001 753 1030 illam
779 1001 882 1039 partiri
909 1002 1034 1040 cogitur.
1079 1002 1127 1032 Sic
1154 1008 1196 1039 tu,
1226 1003 1250 1032 si
1281 1003 1337 1033 taci

152 1047 247 1080 petes,
270 1044 382 1081 majora
411 1044 491 1072 dona
510 1043 595 1080 feres,
620 1053 711 1081 quam
733 1042 758 1072 si
787 1049 911 1082 patrono
932 1054 1020 1074 aures
1045 1045 1193 1075 obtundes
1215 1045 1289 1075 auos
1315 1045 1337 1076 ti
1380 1043 1381 1046 ’

152 1084 362 1124 competitores
377 1085 530 1115 excitans!

588 1229 795 1260 EPISTOLA
819 1229 940 1260 xvm.
1355 1220 1379 1277 ζ,

194 1342 333 1372 ARGUM.
368 1341 507 1377 Lollium,
525 1340 678 1380 juniorem
699 1341 829 1371 amicum
856 1340 910 1380 (de
929 1351 990 1380 quo
1014 1342 1092 1378 vide,
1114 1352 1182 1381 quae
1199 1342 1279 1373 dicta
1299 1346 1371 1374 sunt

151 1385 189 1414 ad
206 1385 373 1423 Epistolam
397 1385 559 1413 secundam
573 1382 596 1422 z)
622 1384 766 1413 Horatius
786 1385 824 1413 ad
843 1390 953 1414 rectam
969 1385 1136 1423 potentium
1157 1386 1307 1415 culturam
1326 1386 1372 1423 itav

150 1427 293 1465 instituit,
315 1432 347 1456 ut
372 1427 590 1456 adolescentem
617 1427 706 1464 hujus
730 1427 798 1455 vitae
820 1427 939 1464 generis
959 1427 1083 1456 fortasse
1109 1427 1198 1457 nimis
1225 1428 1370 1466 cupidum·

114 1494 122 1501 ,
151 1469 304 1508 nimiaque
331 1469 487 1499 commoda
507 1468 564 1498 sibi
587 1468 822 1507 promittentem,
846 1469 936 1498 simul
964 1470 1133 1506 admoneat,
1156 1479 1246 1508 quam
1273 1471 1370 1501 mults

150 1512 248 1541 officia
267 1513 361 1541 libero
387 1518 417 1541 et
439 1511 570 1549 ingenuo
593 1511 657 1540 viro
677 1511 726 1539 vix
753 1511 824 1540 satis
844 1511 936 1548 digna
954 1511 1014 1540 sint
1028 1513 1214 1541 observanda
1231 1513 1290 1541 tale
1312 1513 1369 1543 ite!

149 1554 301 1592 ingressis,
325 1564 415 1592 quam
435 1554 530 1582 multa
553 1553 686 1592 pericula
709 1553 880 1583 offendendi
903 1554 992 1583 anxie
1017 1553 1186 1584 devitanda.
1202 1555 1369 1594 -Scriptt

150 1602 195 1626 est
211 1604 314 1626 A.u.c.
331 1596 400 1631 734.

194 1639 223 1677 l,
237 1639 265 1668 2.
291 1635 430 1677 [metues]
453 1639 462 1654 ‘
475 1637 758 1675 vitabis—praebere
771 1637 794 1672 ;’
818 1639 825 1653 ‘
841 1637 968 1673 cavebis,
989 1647 1027 1667 ne
1041 1638 1195 1676 praebeasl
1206 1654 1248 1659 —
1259 1637 1367 1678 [liber-

149 1679 239 1720 rime]
263 1682 297 1710 In
314 1681 377 1719 ipso
399 1679 583 1720 superlativo
598 1679 676 1708 inest
692 1680 781 1708 tacita
795 1680 971 1716 admonitio,
994 1689 1032 1709 ne
1050 1677 1229 1721 παρῤησίᾳ,
1252 1682 1290 1710 de
1306 1681 1369 1719 qul

149 1724 343 1761 gloriabatur,
361 1730 494 1760 tempore
507 1727 537 1750 et
552 1722 616 1750 loco
631 1722 731 1751 minus
746 1727 915 1760 opportuno
931 1722 1020 1751 nimis
1035 1723 1198 1760 indulgeat.
1208 1722 1368 1763 —[Scur·

149 1763 262 1804 rantis]
289 1767 296 1780 ‘
311 1765 411 1803 pabuli
427 1765 517 1793 causa
531 1764 711 1793 assentantis
726 1770 755 1794 et
770 1765 862 1793 risum
878 1764 1045 1794 moventis:
1083 1765 1186 1794 Lamb.

191 1807 283 1842 4—7.
308 1804 510 1846 [inconcinna]
537 1809 544 1821 ⁸
560 1806 720 1835 invenusta
741 1811 831 1844 atque
853 1806 997 1843 insuavis,
1017 1807 1088 1844 qnia
1105 1807 1253 1845 discrepat
1273 1807 1310 1835 ab
1330 1806 1367 1838 εἰ

150 1849 220 1880 vitae
235 1849 362 1884 ratione,
387 1858 477 1887 quam
493 1849 630 1878 homines
645 1848 729 1887 politi
745 1854 774 1878 et
789 1859 887 1878 comes
902 1849 1089 1887 sequuntur!
1102 1865 1143 1870 —
1155 1846 1366 1889 [commendat]

152 1895 159 1908 ¹
172 1902 240 1931 quae
255 1902 286 1921 se
298 1891 367 1920 aliis
387 1890 597 1920 commendare
623 1891 743 1926 studet‚¹
767 1892 774 1906 ¹
789 1891 888 1920 credit
909 1901 940 1920 se
962 1891 1206 1921 commendatum
1224 1890 1260 1920 iri
1282 1891 1368 1921 omni

148 1934 275 1964 mollitie
290 1934 394 1971 vitati,
413 1932 545 1962 maxime
568 1933 609 1972 τῇ
622 1931 658 1963 ἐν
673 1933 744 1973 χρῷ
757 1933 866 1974 κουρᾷ,
885 1933 1078 1972 parcimoniae
1092 1934 1188 1972 signo,
1208 1938 1367 1971 ceteraque

149 1976 335 2015 negligentia
359 1976 390 2004 in
414 1974 706 2014 habitus—[tonsa
721 1973 800 2014 cute]
825 1975 949 2014 Proprie
973 1974 1078 2005 dicunt
1099 1980 1188 2014 caput
1210 1976 1251 2004 ad
1273 1980 1367 2006 cutem

149 2021 276 2050 tondere.
301 2019 377 2048 Cels.
393 2018 423 2052 3,
441 2017 487 2047 18.
505 2017 534 2052 4,
550 2018 578 2046 2.
590 2033 632 2038 -
645 2015 803 2056 [medium]
826 2027 862 2046 ex
879 2018 950 2047 notfi
969 2018 1021 2046 illa
1037 2017 1204 2047 Aristotelis
1219 2017 1366 2054 doctrina,

150 2061 223 2091 Eth.
239 2061 304 2090 Nic.
318 2061 350 2095 2,
365 2061 396 2097 6,
410 2057 529 2089 Ἔστιν
544 2058 564 2096 ἡ
582 2057 682 2099 ἀρετὴ
699 2056 762 2094 ἕξις
782 2057 1000 2099 προαιρετική,
1022 2058 1058 2090 ἐν
1075 2057 1230 2099 μεσότητι
1244 2057 1367 2088 οὖσα-

147 2102 287 2143 μεσότης
301 2100 333 2132 δὲ
349 2100 406 2132 δύο
421 2102 550 2139 κακιῶν,
565 2102 624 2138 τῆς
634 2100 694 2142 μὲν
709 2100 778 2132 καθ’
790 2099 990 2142 ὑπερβολήν,
1006 2102 1067 2139 τῆς
1082 2099 1114 2132 δὲ
1129 2099 1198 2132 κατ’
1210 2098 1365 2141 ἔλλειψιν.

148 2162 189 2167 -
201 2144 353 2185 [utrinque
368 2143 535 2183 reductum]
560 2146 567 2159 ‘
584 2146 620 2173 ab
638 2150 763 2182 utroque
778 2150 913 2174 extremo
928 2145 1095 2174 remotum!

191 2188 221 2223 8,
237 2189 266 2218 9.
291 2186 484 2226 [imi—lecti]
509 2186 540 2215 in
556 2196 615 2224 quo
631 2196 692 2215 una
706 2196 773 2215 cum
793 2185 924 2215 convivii
944 2182 1067 2216 domino
1083 2186 1162 2216 soliti
1177 2186 1240 2224 ejus
1255 2194 1365 2215 scurra

148 2232 372 2260 accumbebant.
411 2229 471 2258 Cfr.
497 2229 535 2257 ad
552 2230 612 2258 Sat.
634 2229 662 2264 2,
679 2229 708 2263 8,
725 2229 775 2258 20.
814 2229 852 2258 Η.
875 2229 895 2258 1.
914 2229 1026 2259 derisor
1048 2234 1093 2258 est
1114 2229 1148 2263 is,
1171 2229 1255 2266 cujus
1279 2226 1365 2265 quasi

149 2272 280 2302 officium
304 2277 368 2301 erat
391 2278 504 2300 ceteros
530 2280 646 2300 scurras
670 2278 759 2308 atque
784 2272 914 2307 umbras,
935 2270 1073 2300 homines
1097 2271 1187 2300 etiam
1216 2271 1365 2307 absentee,

149 2314 236 2345 dictis
261 2314 364 2344 facetis
393 2320 424 2343 et
448 2313 637 2343 mordacibus
666 2313 844 2350 insectandi,
872 2322 932 2352 quo
956 2313 1128 2343 convivator
1155 2317 1186 2342 et
1211 2312 1263 2351 qui
1284 2311 1365 2351 pari·
