1390 2586
101 104 178 146 156
527 106 896 136 INTERPRETA'rlo.
1234 79 1324 146 [m.

101 205 148 234 vel
166 204 258 234 etiam
279 204 391 243 pugnis
413 204 510 235 caedit.
547 205 629 234 Pers.
648 204 676 241 l,
692 203 761 240 106,
788 204 853 234 Nec
863 203 998 242 pluteum
1012 204 1101 233 cadit
1115 212 1168 234 nec
1181 203 1326 234 demorsos

100 248 180 286 sapit
201 258 322 286 ungues.
366 246 524 276 Comicum
551 253 596 276 est
624 246 700 275 illud
723 244 815 286 παρὰ
844 243 1043 284 προσδοκίαν
1065 250 1152 285 atque
1171 247 1327 284 poetis.—-
1351 273 1354 276 ⁴

104 287 276 329 [minantis]
300 289 512 328 promittentis,
527 288 576 326 (ut
598 287 761 326 ἀπειλεῖν)
777 289 814 317 de
835 290 923 317 rebus
938 287 1161 327 majoribus.—
1178 285 1236 327 [si]
1260 287 1291 318 h.
1304 287 1325 318 l.

99 332 140 363 k
155 338 300 370 tempore,
318 334 325 347 ‘
338 331 389 361 ubi
405 331 556 370 primum?
569 346 609 352 -—
624 329 778 370 [vacuum]
801 329 811 346 ‘
821 330 949 359 otiosum
964 330 995 359 in
1012 330 1068 359 hoc
1083 330 1221 359 secessu.'

147 374 195 410 ll,
213 375 261 404 12.
287 372 466 414 [Quorsum]
490 376 497 389 ‘
511 374 611 406 Quem
626 374 664 402 ad
679 373 782 409 finem,
798 382 858 410 quo
872 373 994 402 tandem
1008 372 1134 401 consilio
1149 370 1327 410 compegisti

102 421 134 446 et
155 417 186 445 in
204 416 341 446 vehiculo
363 417 467 446 artasti
489 417 598 445 horum
619 416 711 445 libros
723 415 746 443 ‘l’
791 415 872 450 Jam,
896 415 1005 452 quibus
1029 415 1160 443 maxime
1184 414 1328 443 delectari

104 459 209 488 solitus
234 459 283 495 sit,
310 459 447 488 nominat
470 464 580 497 praeter
602 458 770 492 Platonem,
796 466 948 486 summum
975 457 1085 494 dialogi
1113 462 1144 486 et
1169 456 1327 487 Socraticae

103 499 268 541 εἰρωνείας
286 501 463 539 magistrum
479 500 651 539 (Socratica
666 501 776 529 chartae
791 498 831 528 A.
848 499 880 528 P.
895 497 982 537 3lo,)
999 498 1227 534 Archilochum,
1249 499 1326 527 iam-

103 543 162 572 bici
179 544 320 572 carminis
334 543 514 582 principem,
537 548 641 581 poetas
655 542 760 581 priscae
784 546 815 570 et
834 550 919 570 novae
940 541 1104 570 comoediae.
1115 557 1158 562 —
1169 538 1326 580 [educere]

106 594 135 614 v.
151 595 250 624 propr.
265 586 302 615 de
318 586 364 621 iis,
385 595 460 624 quos
476 585 632 614 nobiscum
647 594 684 614 ex
701 585 774 613 urbe
789 593 840 613 rus
855 582 1002 612 ducimus.
1046 583 1108 612 cic.
1123 583 1162 612 ad
1178 584 1216 615 Q.
1233 583 1281 612 Fr.
1298 583 1329 619 3,

105 627 135 663 3,
160 630 193 657 Si
214 630 360 658 nobiscum
385 639 448 658 eum
471 638 522 658 rus
544 628 642 666 aliquo
663 628 878 656 eduximus.—
892 622 1020 664 [tantos]
1045 627 1126 655 ‘tam
1151 630 1329 664 proestantes

104 676 194 707 atque
210 671 365 708 egregios!

150 713 282 742 13—16.
308 710 490 752 [Invidiam]
523 711 686 741 ‘Credisne
715 710 816 740 minus
844 708 1022 739 invidorum·
1042 709 1277 748 iniquorumque
1300 714 1330 739 te

108 755 294 789 habiturum,
319 755 369 784 ubi
394 755 547 790 virtutem,
577 754 609 783 id
636 759 690 789 est,
719 753 909 786 industriam,
934 751 1124 781 deserueris?
1169 752 1277 786 Immo,
1300 757 1332 781 et

107 798 216 827 merito
231 798 365 835 quidem,
381 797 566 835 contemptui
583 795 752 825 habebere!
762 811 802 816 —
814 792 934 833 [Siren]
952 796 959 809 ⁴
970 795 1090 829 blanda,
1102 794 1155 823 sed
1169 793 1331 832 impudens

108 840 364 869 conciliatricula)
401 840 463 869 Cic.
479 849 533 877 pro
549 838 646 868 Sestio
666 838 748 868 9.-
761 834 911 876 [meliore]
934 836 943 852 ‘
955 837 1051 874 magis
1074 835 1277 866 industriosa!
1289 852 1332 857 —-

111 879 315 922 [Ponendum]
343 885 350 898 ‘
363 883 428 912 Hoc
440 881 564 922 missum
575 880 747 910 faciendum
760 885 804 909 est
815 880 886 908 sine
893 879 986 908 animi
999 880 1119 913 dolorm
1135 879 1216 916 quod
1231 879 1332 917 ipsum

108 925 242 954 hominis
258 931 303 954 est
316 925 428 954 desidis
443 934 477 954 ac
493 923 582 953 vilis.’
593 939 636 944 ---
649 921 714 961 [cli]
739 922 920 951 Pontificum
943 921 1072 950 formula
1094 927 1139 950 est
1160 922 1192 950 di
1213 922 1332 960 deaque

109 968 157 996 vel
173 969 232 997 sive
247 969 318 998 deus
333 969 392 997 sive
411 968 468 996 deo
488 976 543 996 nec
564 965 683 995 ridiculi
707 965 872 1003 quidquam
892 964 1090 1002 quaerendum
1114 963 1145 992 in
1161 971 1189 993 v.
1205 963 1333 1002 deaque.

108 1025 150 1030 -—
167 1008 381 1048 [Damasippo]
420 1009 555 1038 Licinius
585 1007 786 1045 Damasippus
814 1011 969 1044 tamquam
997 1012 1164 1035 statuarum
1193 1011 1224 1035 et
1259 1006 1332 1035 hor·

108 1057 207 1081 torum
225 1052 363 1082 venditor
388 1057 573 1081 memoratur
588 1051 652 1089 jam
675 1059 693 1078 a
708 1049 854 1079 Cicerone
874 1049 913 1078 ad
933 1048 1017 1078 Fam.
1035 1047 1064 1083 7,
1079 1048 1128 1078 23.
1148 1047 1187 1077 ad
1201 1048 1264 1078 Att.
1283 1048 1333 1085 12,

106 1095 147 1125 29
163 1100 193 1123 et
207 1095 257 1124 33.
399 1103 404 1108 ¹

155 1137 286 1172 17—20.
313 1133 459 1175 [tonsore]
485 1134 555 1173 ‘qui
572 1133 698 1164 immani
714 1134 808 1163 barba
824 1138 852 1162 te
866 1133 975 1162 liberet
985 1133 1002 1167 ς’
1026 1132 1112 1171 quasi
1128 1133 1224 1170 majus
1239 1133 1333 1161 bene-

111 1179 213 1208 ficium
231 1180 415 1218 Damasippo
435 1178 466 1207 di
487 1187 607 1216 quoque
631 1175 785 1214 impertire
805 1185 866 1204 non
887 1180 1018 1213 possent.
1063 1174 1230 1204 Stoicorum
1253 1183 1333 1212 prae-

110 1221 198 1260 cipue
214 1227 244 1251 et
257 1221 440 1261 Cynicorum
451 1227 516 1250 erat
526 1230 591 1249 mos
603 1220 738 1254 barbam,
753 1227 814 1256 quo
829 1218 924 1255 magis
939 1227 957 1246 a
971 1218 1089 1256 popello
1101 1216 1336 1256 suspicerentur,

110 1264 348 1302 promittere.—
361 1261 554 1302 [Postquam]
584 1264 592 1278 ‘
607 1262 770 1299 Postquam
792 1270 851 1290 aere
873 1260 973 1290 alieno
996 1259 1124 1289 conflato
1145 1259 1336 1288 fortunarum

111 1306 303 1344 naufragium
329 1306 395 1340 feci,
424 1305 621 1344 philosophus
644 1303 739 1333 factus
765 1312 836 1332 sum·
858 1307 889 1332 et
915 1312 1062 1338 excussus,
1091 1311 1110 1331 a
1137 1301 1336 1331 creditoribus

112 1350 225 1387 ejectus
248 1358 286 1378 ex
308 1348 547 1387 possessionibus
570 1346 656 1381 meis,
682 1346 758 1375 adeo
783 1350 817 1374 ut
841 1345 917 1374 nihil
938 1354 1042 1374 earum
1067 1344 1234 1374 curandum
1258 1343 1335 1372 mihi

111 1397 213 1426 restet,
224 1401 304 1420 nunc
321 1391 351 1420 in
367 1391 496 1420 aliorum
511 1390 633 1427 negotia
648 1397 696 1417 me
709 1387 824 1425 ingero,
838 1386 1007 1416 identidem
1023 1396 1172 1424 quaerens,
1185 1386 1337 1424 quomodo

110 1443 162 1463 eos
177 1443 195 1463 a
210 1433 338 1462 stultitia
351 1433 491 1462 dehorter
505 1438 596 1470 atque
609 1431 648 1460 ad
658 1439 759 1460 veram
771 1429 951 1468 sapientiam
964 1429 1197 1467 perducam.’—
1207 1425 1335 1467 [Ianus]

112 1476 174 1506 cfr.
193 1476 269 1515 Epp.
289 1476 316 1510 l,
335 1476 362 1510 l,
380 1476 430 1505 54.
455 1475 517 1504 Cic.
534 1475 571 1503 de
588 1474 645 1502 Off.
661 1474 690 1508 2,
711 1473 760 1508 25,
782 1473 817 1502 de
832 1473 1001 1511 quoerendd,
1025 1472 1061 1501 de
1084 1472 1261 1506 collocanda,
1279 1481 1334 1509 pe-

111 1519 209 1554 cunia‘,
224 1519 324 1548 vellem
342 1521 431 1548 etiam
445 1518 481 1548 de
504 1517 616 1546 utendo
638 1515 811 1545 commodius
831 1525 850 1544 a
872 1514 1045 1553 quibusdam
1065 1515 1182 1552 optimis
1203 1514 1275 1542 viris
1295 1514 1338 1542 ad

112 1561 222 1590 «lanum
243 1562 367 1590 medium
387 1561 555 1590 sedentibus
574 1568 660 1598 quam
675 1558 712 1587 ab
727 1558 796 1587 ullis
806 1557 984 1595 philosophis
999 1557 1061 1585 ulla
1076 1557 1107 1585 in
1121 1556 1219 1585 schola
1233 1556 1335 1593 dispu-

114 1607 197 1632 tatur
209 1615 220 1637 ‚·
243 1603 294 1632 ubi
318 1604 459 1632 ZUMPT:
487 1601 671 1631 “Sedebant
694 1599 876 1628 feneratores
898 1604 929 1628 et
954 1598 1116 1636 argentarii
1143 1597 1276 1627 maxime
1297 1597 1337 1627 ad

114 1644 237 1684 (prope)
253 1646 366 1674 ‚lanum
382 1645 515 1674 medium
532 1644 563 1672 in
580 1642 711 1672 tabernis
725 1642 764 1670 ad
778 1641 876 1670 forum
894 1641 1076 1670 Romanum.
1110 1639 1176 1669 Viae
1190 1640 1223 1669 in
1239 1639 1338 1669 forum

113 1688 298 1717 deducentes
309 1687 395 1717 Janis
407 1685 586 1716 transitoriis
600 1682 769 1723 (passages)
781 1688 992 1722 superstructae
1004 1689 1100 1718 erant,
1115 1682 1167 1720 qui
1182 1687 1242 1711 tres
1257 1691 1338 1712 com-

113 1737 330 1762 memorantur,
346 1739 492 1762 summus,
507 1729 596 1763 imus,
613 1726 761 1756 medius.’'

157 1772 290 1802 21-26,
316 1769 492 1811 [Sisyphus]
521 1770 602 1800 AEoli
627 1769 717 1803 filius,
740 1767 879 1798 conditor
901 1767 1050 1798 Corinthi.
1075 1767 1113 1797 ll.
1134 1764 1162 1802 ζ,
1187 1766 1257 1802 153,
1283 1765 1339 1796 Σί-

115 1813 304 1855 συφος,-ὸ
325 1811 486 1855 κέρδιστος
506 1809 607 1853 γένετ’
630 1807 770 1851 ἀνδρῶν.
816 1810 956 1840 Ridicule
979 1810 1066 1847 fingit
1087 1809 1174 1838 illum
1190 1810 1256 1848 jam
1279 1809 1338 1839 Co-

115 1856 230 1886 rinthio
254 1866 324 1886 vase
354 1857 446 1895 pedes
475 1855 593 1884 lavisse.
638 1854 782 1883 Solebant
808 1859 912 1882 autem
935 1852 1040 1882 talium
1063 1861 1166 1881 rerum
1191 1857 1340 1881 amatores

116 1899 238 1937 gloriari
261 1909 293 1929 se
316 1899 432 1928 tabulas
454 1898 558 1936 pictas,
580 1897 676 1934 signa,
700 1905 781 1930 vasa,
806 1896 915 1934 partim
940 1903 1126 1924 summorum
1150 1903 1340 1932 quorumque

116 1942 276 1978 artificum,
291 1941 404 1980 partim
416 1940 637 1978 antiquissima,
653 1946 686 1968 ut
701 1939 834 1968 catillum
848 1938 985 1967 Evandri
999 1938 1131 1966 manibus
1145 1938 1248 1966 tritum
1260 1934 1339 1974 (Sat.

121 1983 148 2020 l,
163 1984 194 2019 3,
209 1982 276 2023 91),
293 1983 373 2013 domi
393 1983 514 2012 habere.
525 1998 567 2003 --
581 1978 730 2020 [infabre]
757 1981 765 1996 ‘
777 1979 878 2009 minus
899 1979 1078 2009 artificiose!
1091 1994 1133 2000 —
1145 1975 1263 2018 [fusum
1284 1979 1340 2008 du-

116 2024 196 2066 rius]
221 2028 230 2043 ‘
239 2025 377 2064 rigidius,
393 2025 436 2055 ita
452 2031 484 2054 ut
498 2024 609 2062 capilli,
623 2023 689 2058 tori,
702 2027 785 2052 artus
797 2032 898 2052 veram
913 2021 1046 2060 corporis
1060 2021 1186 2050 humani
1200 2026 1341 2050 naturam

117 2069 219 2098 minus
241 2074 321 2098 recte
343 2067 554 2097 imitarentur.’
600 2067 608 2082 ⁸
620 2065 706 2095 Artis
725 2063 862 2103 peritus,'
877 2064 988 2102 inquit,
1007 2063 1096 2093 ‘huic
1116 2063 1204 2100 signo
1225 2067 1340 2092 statue·

117 2112 186 2140 bam
202 2112 333 2149 pretium
348 2115 470 2140 centum
485 2109 613 2138 millium
629 2105 812 2144 sestertium,
827 2106 878 2136 alii
893 2107 992 2142 aliud3
1016 2111 1125 2144 praeter
1136 2110 1250 2134 ceteros
1267 2105 1339 2134 item

118 2154 304 2182 excellebam
327 2153 357 2182 in
379 2153 506 2182 amoenis
528 2151 623 2180 hortis
639 2149 834 2189 pulchrisque
854 2149 993 2178 domibus
1017 2147 1153 2177 emendis
1175 2156 1340 2185 rursusque

119 2205 188 2225 cum
209 2196 293 2224 lucro
309 2195 485 2230 vendendis,
507 2194 587 2223 unde
608 2192 746 2222 homines
769 2191 800 2220 in
824 2191 962 2230 compitis
981 2190 1043 2220 sive
1065 2189 1172 2224 triviis,
1194 2189 1246 2218 ubi
1268 2199 1339 2218 auc-

116 2238 214 2267 tiones
229 2238 351 2274 flebant,
366 2247 420 2276 per
434 2237 560 2267 circulos
575 2234 748 2273 congregati
768 2234 898 2263 alterum
915 2233 1100 2263 Mercurium
1114 2241 1162 2261 me
1177 2231 1341 2270 praedicare

115 2280 194 2311 soliti
210 2280 316 2309 erant.¹

159 2322 208 2359 27.
233 2320 341 2361 [morbi
349 2318 527 2362 purgatum]
549 2321 586 2350 In
601 2325 676 2350 orat.
691 2319 790 2350 soluts
804 2318 968 2357 dicendum
982 2317 1058 2347 foret
1071 2317 1169 2347 morbo
1178 2319 1340 2356 purgatum
