1390 2586
1341 0 1390 74 a

134 93 217 135 228
557 93 919 124 INTERPRETATIO.
1227 71 1390 137 [munii

139 201 276 230 persona,
301 197 391 230 quam
411 190 606 230 alloquitur:)
636 192 740 230 ‘sequi
765 191 861 222 soles.’
905 191 1027 222 Dictum
1050 197 1095 222 est
1117 197 1218 223 autem
1238 199 1272 224 ut
1293 189 1369 228 Odgs

139 235 168 268 2.
186 234 234 270 19,
249 234 296 270 15,
313 245 367 264 mm
382 236 440 264 leni
454 236 541 264 ruina
550 245 561 268 ,·
584 236 591 250 ‘
602 235 746 263 damnum
761 234 851 272 quod,
866 234 936 272 quia
951 235 1106 272 exiguum,
1122 235 1219 265 lenius
1232 236 1329 268 feras!

181 276 315 312 57—62.
340 275 414 316 [Vir
440 275 542 315 bonus]
570 277 620 305 ille
646 277 818 315 plebeculae,
840 273 910 306 κατ’
938 274 1363 320 elpwveiav.—[Laverna]22

140 319 159 335 “
177 319 315 348 Laverna
332 320 362 347 in
381 319 431 348 via
451 319 565 348 Salaria
586 319 686 348 lucurn
707 319 815 352 habet;
841 324 886 347 est
900 323 1001 348 autem
1015 320 1072 348 dea
1084 319 1184 348 furum
1209 319 1296 359 (sive,
1316 327 1362 352 ut=

140 360 183 391 ait
199 361 349 390 Arnobius
372 362 477 400 4,‚24,
501 372 563 391 cum
579 362 728 390 Illercurio
749 361 836 390 simul
849 358 1012 398 fraudibus
1031 363 1172 399 praesidet
1187 360 1363 404 furtivis)==

140 409 170 433 et
185 404 379 432 simulacrum
395 404 458 442 ejus
473 403 553 432 fures
573 404 684 438 colunt,
707 409 738 432 et
753 403 804 441 qui
820 402 943 432 consilia
963 413 1018 432 sua
1032 404 1136 433 volunt
1150 405 1259 439 tacita:
1281 415 1366 436 nam·v

139 455 242 484 preces
267 447 331 483 ejus
354 455 422 475 cum
445 445 564 475 silentio
587 445 796 475 exercentur.”
827 446 920 474 Schol.
972 445 1087 475 Novius
1111 447 1217 482 Bothe,
1251 457 1280 485 p.
1300 448 1362 484 δα,

140 489 200 518 Per
215 489 297 517 deam
311 493 442 518 sanctam
458 489 630 523 Lauernam,
645 498 708 527 quae
723 490 762 517 sit
777 488 884 517 cultri-r
898 489 1036 526 quaestuis
1049 490 1062 517 Ι
1071 503 1113 510 --·
1123 486 1268 528 [fallere]
1291 499 1363 521 non·

141 535 202 560 tam
229 530 386 568 ‘decipere
410 531 562 559 homines'
587 540 678 568 quam
704 529 889 559 ‘latere.’—
905 527 1040 569 [nubem]
1074 539 1162 569 quem
1188 532 1354 563 admodum

141 573 181 602 dii
206 573 286 610 apud
315 573 478 602 Homerum
502 573 652 608 heroibus,
675 582 748 610 quos
775 581 868 610 quum
891 571 1022 601 maxime
1043 577 1188 603 tutantur.
1243 574 1353 604 Totum

140 615 238 644 locum
258 615 392 644 imitatus
415 621 461 644 est
475 615 593 644 Persius
615 616 644 650 2,
665 616 694 644 5.
739 615 795 643 Illa
813 615 916 644 Labra
934 618 1026 644 movet
1044 614 1086 643 sic
1105 615 1269 654 expressit:
1292 617 1354 647 Illa

139 658 197 688 sibi
212 659 369 687 introrsum
384 661 413 686 et
426 659 480 687 sub
495 659 597 695 lingna
612 658 822 691 immurmurat,
838 656 886 695 &c-

183 699 317 730 63-68.
342 698 419 739 [Qui
434 698 550 738 melior]
582 701 589 715 ‘
606 700 718 728 Verum
741 709 778 728 ex
801 699 967 728 Stoicorum
983 698 1120 728 doctrina
1137 699 1180 728 ita
1194 700 1293 739 potius
1309 705 1355 731 est

134 742 346 780 judicandum,
369 742 515 780 ejusmodi
533 743 626 771 virum
643 743 743 771 bonum
765 741 997 779 haudquaquam
1011 740 1167 770 meliorem
1189 751 1254 772 esse
1269 751 1354 772 servo

141 785 343 822 nequam.’—
357 782 481 823 [assem]
507 785 585 814 Pers.
601 785 630 820 5,
648 783 717 819 lll,
740 785 831 823 Inque
850 785 908 813 luto
920 784 1014 820 fixum
1035 784 1128 821 possis
1150 786 1355 816 transcendere

140 837 305 860 nummum5
341 827 392 855 ubi
426 827 704 856 Pseuducornutus:
743 827 845 855 Solent
884 825 980 864 pueri,
1013 830 1047 854 ut
1082 825 1200 855 ridendi
1234 831 1377 857 causam-'-

142 869 285 907 habeant,
308 879 403 898 assem
425 869 456 898 in
482 869 563 898 silice
586 870 774 907 plumbatum
799 869 931 906 affigere,
953 873 999 904 ut,
1024 867 1076 906 qui
1099 867 1239 904 viderint,
1263 879 1294 899 se
1315 869 1372 900 adf(

141 911 344 949 colligendum
373 911 520 940 inclinent
553 920 608 940 nec
637 917 737 940 tamen
766 910 881 948 possint
907 911 1045 945 evellere,
1078 919 1137 948 quo
1165 910 1242 941 facto
1269 906 1373 950 pueri-'3

142 954 151 969 ‘
167 955 255 984 etiam
266 953 293 983 !’
315 954 468 983 clamitare
492 954 599 989 solent,
624 952 730 983 ‘etiam
743 953 770 982 !'
782 968 824 974 —-
837 950 957 992 [porro]
982 953 990 968 ‘
1005 951 1084 981 Huic
1105 953 1262 983 sententiae
1277 953 1373 983 tam-f

141 1005 231 1034 quam
247 997 435 1025 corollarium
461 994 556 1039 (quod
571 996 676 1025 dicunt
689 994 882 1034 posteriores)
905 995 1046 1033 adjungo,
1060 995 1190 1024 liberum
1205 1005 1265 1025 non
1280 995 1371 1026 mihi·

141 1038 252 1067 videri’
280 1044 334 1068 cet.
348 1037 554 1077 —[Perdidit
573 1036 671 1077 arma]
696 1034 895 1073 ’Ῥίψασπις
919 1043 949 1066 et
971 1034 1190 1074 λειποτάκτης
1214 1043 1268 1073 est,
1298 1038 1379 1078 1¹⁰0*ss

141 1086 196 1116 est,
229 1081 348 1110 summa
372 1080 539 1118 ignominia
563 1080 692 1118 dignus.’
749 1079 937 1108 Modestinus
963 1079 1057 1108 Pand.
1081 1079 1130 1109 49.
1157 1080 1201 1108 De
1223 1090 1254 1109 re
1275 1080 1357 1110 mili-

141 1123 197 1152 tari
211 1133 217 1151 ε
242 1124 340 1159 Miles,
361 1124 412 1162 qui
425 1124 455 1152 in
471 1124 543 1153 bello
557 1133 639 1152 arma
653 1123 751 1151 amisit
765 1123 811 1151 vel
823 1123 974 1159 alienavit,
987 1122 1084 1160 eapite
1102 1123 1234 1160 punitur.
1261 1123 1356 1156 :rom
1365 1130 1375 1152 ·.2

139 1181 182 1187 -—
195 1163 344 1204 [obruitur
358 1163 405 1204 re]
430 1166 438 1181 ‘
453 1165 484 1194 id
499 1172 554 1200 est,
569 1164 709 1203 pecunia,
730 1164 822 1193 veluti
837 1170 923 1193 terrae
937 1164 1022 1198 labe;
1043 1163 1087 1192 ita
1101 1169 1135 1193 ut
1148 1165 1186 1193 ab
1206 1165 1243 1195 ea
1257 1164 1356 1204 impe·
1372 1159 1373 1162 ¹

140 1208 221 1237 ditus
233 1207 326 1236 libere
342 1217 460 1236 movere
476 1217 540 1236 sese
555 1207 706 1245 nequeat.’

182 1250 314 1284 69—72.
337 1248 516 1289 [captivum]
543 1249 643 1286 Pergit
658 1249 689 1278 in
712 1249 819 1278 eadem
834 1248 988 1286 allegoria,
1010 1247 1135 1278 divitem
1150 1258 1272 1278 avarum
1288 1258 1358 1279 cum

139 1292 257 1330 captivo
284 1292 478 1330 contemptim
501 1301 735 1330 comparans.--
748 1289 908 1330 [occidere]
932 1300 969 1320 ex
987 1291 1058 1329 jure
1079 1290 1202 1329 quidem
1223 1291 1358 1321 belli.—

141 1332 266 1374 [durus]
282 1336 290 1350 ⁶
302 1334 395 1364 cuivis
407 1334 498 1363 etiam
513 1333 722 1363 molestissimo
736 1333 829 1362 labori
841 1342 987 1372 perquam
998 1333 1192 1362 idoneus.’—
1205 1331 1356 1373 [aretque]

142 1378 202 1406 Sal.
229 1378 293 1406 Cat.
321 1377 350 1412 4,
381 1387 485 1416 agrum
507 1377 623 1406 colendo
648 1380 700 1406 aut
723 1376 862 1410 venando,
898 1376 1051 1405 servilibus
1075 1377 1175 1412 effic-iis
1203 1378 1356 1413 intentum,

139 1423 255 1449 oetatem
270 1416 582 1458 agera—[Naviget]
607 1419 720 1447 Amara
734 1415 878 1458 εἰρωνείᾳ
892 1417 1040 1455 significat
1054 1418 1143 1447 etiam
1156 1416 1358 1455 ingenuorum

141 1467 341 1491 mercaturam
364 1471 397 1490 ac
415 1461 650 1499 negotiationem
666 1471 683 1490 a
698 1461 854 1490 servilibus
874 1459 978 1489 officiis
999 1469 1058 1489 non
1080 1460 1168 1497 longe
1183 1460 1359 1490 distare.—

143 1502 292 1543 [Annonae
314 1502 424 1542 prosit]
451 1505 458 1519 ‘
476 1503 652 1541 Negotiator
677 1513 743 1532 eam
767 1503 798 1531 in
824 1503 896 1531 urbe
920 1502 1056 1531 viliorem
1079 1503 1197 1538 reddat,
1221 1503 1293 1531 dum
1319 1511 1357 1532 ex

143 1547 278 1585 AEgypto
313 1553 343 1575 et
373 1546 475 1575 Africa
505 1555 646 1583 magnam
675 1544 818 1574 frumenti
847 1545 907 1573 vim
937 1544 1094 1582 adportat)
1113 1560 1155 1566 —
1175 1542 1357 1584 [penusque]

143 1590 151 1604 ‘
165 1589 262 1618 omnis
282 1588 402 1626 generis
422 1587 585 1617 utensilia.’
630 1587 691 1617 Cic.
706 1588 744 1616 de
768 1587 804 1616 N.
829 1587 866 1615 D.
882 1587 911 1622 2,
934 1587 983 1622 27,
1009 1587 1106 1622 Omne,
1127 1597 1183 1625 quo
1204 1591 1360 1616 vescuntur

142 1632 276 1666 homines,
296 1641 397 1669 penus,
438 1631 478 1659 H.
499 1631 518 1660 l.
539 1630 656 1668 explico
675 1629 864 1668 potissimum
880 1629 917 1658 de
941 1629 1040 1658 omnis
1063 1629 1182 1666 generis
1207 1628 1358 1667 salgamis,

143 1682 210 1711 quae
226 1683 262 1702 ex
279 1673 488 1702 transmarinis
507 1672 678 1710 regionibus
694 1671 929 1708 advehebantur,
952 1672 989 1701 de
1004 1670 1139 1711 ταρίχει,
1158 1681 1240 1710 garo,
1255 1672 1358 1708 allece,

143 1717 196 1744 &c.
242 1715 289 1744 Ex
313 1716 397 1744 codd.
413 1720 514 1744 autem
537 1714 708 1744 testimonio
727 1714 845 1743 videtur
869 1713 1035 1752 praetulisse
1057 1713 1182 1743 formam
1205 1714 1359 1752 vulgarem

138 1767 242 1796 penus,
256 1759 393 1795 penoris,-
414 1763 517 1786 contra
532 1757 614 1794 Virg.
634 1757 702 1786 AEn.
722 1756 748 1795 l,
762 1755 833 1791 704,
850 1757 1107 1795 longam—penum
1123 1755 1209 1785 dixit.

185 1799 318 1834 73—79.
353 1798 428 1838 [Vir
447 1799 550 1836 bonus]
588 1802 595 1815 ‘
614 1799 725 1828 Contra
750 1799 805 1827 viri
831 1807 900 1827 vere
924 1798 993 1827 boni
1017 1798 1117 1836 imago
1139 1803 1185 1826 est
1203 1798 1255 1827 illa
1278 1797 1360 1836 apud

146 1842 344 1880 Euripidem‚’
372 1842 477 1871 Bacch.
504 1842 574 1875 492,
607 1839 772 1876 Διόνυσος·
800 1838 868 1879 Εἵφ’
893 1837 909 1870 ὅ
934 1851 965 1870 τι
985 1839 1104 1870 παθεῖν
1128 1837 1184 1869 δεῖ·
1210 1838 1240 1869 τί
1261 1849 1298 1880 με
1322 1838 1360 1870 τὸ

143 1881 252 1914 δεινὸν
267 1881 412 1923 ἐργάσεις
436 1882 591 1920 Πενθεύς·
608 1885 745 1922 Πρῶτον
759 1882 819 1923 μὲν
834 1880 941 1921 ἁβρὸν
954 1880 1143 1933 βόστρυχον
1159 1883 1241 1922 τεμῶ
1257 1879 1360 1912 σέθεν.

143 1928 179 1956 Δ.
202 1924 300 1964 Ἱερὸς
322 1925 339 1956 ὁ
360 1924 539 1966 πλόκαμος·
563 1925 610 1965 τῷ
630 1924 693 1964 Θεῷ
711 1922 737 1954 δ’
753 1923 856 1955 αὐτὸν
871 1923 981 1965 τρέφω.
1019 1926 1060 1955 Π.
1093 1926 1216 1954 Emer-a
1238 1921 1361 1964 θύρσον

142 1966 236 1999 τόνδε
262 1965 408 2008 παράδος
432 1966 465 1998 ἐκ
491 1969 612 2008 χεροῖν.
665 1971 701 1997 Δ.
730 1966 834 2003 Αὐτός
861 1964 893 2007 μ’
917 1966 1064 2008 ἀφαιροῦ·
1086 1963 1178 1997 τόνδε
1199 1964 1361 1996 Διονύσου

143 2012 239 2083 gupa.
283 2013 325 2040 Π.
353 2009 519 2051 Εὶρκταῖσί
540 2008 566 2040 τ’
589 2006 683 2040 ἔνδον
703 2011 794 2049 σῶμα
811 2008 871 2039 σὸν
886 2007 1078 2050 φυλάξομεν.
1114 2010 1150 2039 Δ.
1173 2006 1271 2038 Λύσει
1289 2005 1322 2048 μ’
1341 2005 1360 2038 ὁ

163 2052 268 2093 αι’μων
288 2052 398 2091 αὐτός,
420 2051 501 2083 ὅταν
522 2050 582 2093 ἐγὼ
607 2051 697 2082 θέλω.
741 2053 833 2091 Apud
850 2052 1027 2090 Euripidem
1047 2051 1140 2090 igitur
1155 2056 1200 2080 est
1215 2051 1359 2086 Bacchus,

144 2096 195 2134 qui
218 2105 317 2125 coram
335 2096 468 2125 Pentheo
483 2096 666 2124 sacerdotem
690 2104 720 2124 se
735 2095 816 2124 illius
831 2094 970 2128 simulat3
995 2103 1086 2132 quem
1101 2094 1199 2122 locum
1216 2091 1360 2122 Horatius

144 2138 181 2167 de
197 2143 292 2168 morte
307 2148 324 2167 a
338 2137 482 2176 sapiente,
506 2137 556 2166 ubi
580 2137 746 2166 necessaria
767 2137 795 2166 ei
815 2137 961 2172 videatur,
982 2141 1088 2174 sponte
1103 2135 1250 2165 sumendi
1264 2134 1359 2164 inter-

144 2186 339 2219 pretatur.—
353 2179 455 2220 [simul
477 2184 564 2218 alque
585 2179 692 2216 volam]
722 2189 759 2208 ex
782 2178 929 2208 constanti
954 2178 1076 2216 quidem
1101 2178 1267 2208 Stoicorum
1288 2177 1360 2206 doc-

145 2222 233 2251 trina.
277 2223 363 2260 Diog.
390 2223 488 2252 Laert.
511 2221 540 2258 7,
567 2221 635 2257 130,
662 2222 693 2250 in
717 2222 858 2251 Zenone:
883 2218 1038 2260 Εὐλόγως
1057 2217 1089 2250 τέ
1112 2223 1212 2291 «ἔασιν
1237 2217 1362 2253 ἐξάξειν

143 2262 263 2294 ἑαυτὸν
286 2265 342 2295 τοῦ
362 2262 437 2304 βίου
461 2264 520 2295 τὸν
541 2263 641 2305 σοφὸν
662 2262 714 2293 καὶ
729 2261 810 2303 ὑπὲρ
827 2260 983 2303 πατρίδος
997 2261 1051 2292 καὶ
1067 2259 1115 2292 ὑπ
1131 2271 1149 2302 ρ
1166 2260 1280 2302 φίλων
1298 2260 1362 2292 κᾶν
