1390 2586
42 144 112 172 nn.
127 145 152 169 1.
166 135 214 179 4.]
481 134 860 166 INTERPRETATIO.
1217 132 1296 178 123

42 249 100 282 pro
122 238 223 270 lubitu
245 236 362 268 Gra-cis
393 235 486 267 etiam
510 236 612 266 verbis
635 241 667 266 et
692 236 784 266 nimis
809 235 938 275 plebeiis
960 245 1044 272 usus,
1071 236 1148 267 adeo
1170 242 1204 266 ut
1228 237 1296 276 ipse

45 282 235 314 docti-simo·
247 281 327 312 inter
341 280 475 319 aequales
489 280 611 319 judices
626 280 740 310 habere
763 281 866 316 nollet,
881 277 976 320 (Plin.
994 280 1034 309 H.
1053 280 1092 311 N.
1109 280 1198 310 Praef.
1214 281 1229 318 ξ
1246 279 1294 319 7.)

43 331 135 358 emt
147 335 221 356 une
235 324 318 355 haud
332 333 440 364 pauca,
455 334 525 362 quae
541 323 637 362 ipsius
657 323 748 353 causa
764 324 865 353 deleta
879 323 973 353 velles
987 334 994 357 ;
1017 323 1082 362 ipse
1098 330 1202 354 autem
1219 325 1294 354 lima

45 379 120 400 mn·
141 378 203 399 non
224 367 308 398 erat!
354 367 404 398 Sic
425 367 627 406 explicandus
650 367 725 396 item
749 367 833 396 locus
854 367 916 396 Sat.
936 365 963 402 l,
982 366 1030 402 10,
1047 367 1098 402 50,
1115 373 1145 397 et
1159 367 1294 400 Quintil.

47 411 97 451 10,
110 411 140 448 l,
152 411 202 444 9³.
211 428 254 434 —
265 408 510 452 [piger—serre]
536 410 618 440 Nota
630 410 815 440 constructio
828 410 945 446 Graeca,
962 408 1088 451 νωθρὸς
1102 408 1218 452 φέρειν,
1235 412 1294 443 od.

45 454 78 495 4,
94 454 144 491 14,
158 455 211 490 22,
232 456 359 494 impiger
373 464 490 484 vexare.
503 470 546 475 -—
558 451 720 494 [laborem]
744 459 775 483 et
788 453 997 483 meditationis
1014 459 1045 482 et
1060 455 1151 484 limae.

90 498 222 531 14—19.
245 495 441 538 [Crispinus]
481 497 518 526 V.
550 498 612 527 Sat.
651 496 678 532 l,
721 497 748 533 1,
784 497 837 527 fin.
855 513 898 518 —
914 494 1065 537 [minimo]
1105 507 1144 527 sc.
1183 497 1294 537 pretio.

44 541 207 573 “Ninimo
221 551 386 581 provocare
404 541 549 570 dicuntur
563 540 595 576 ii,
611 540 664 579 qui
687 539 720 570 in
743 540 975 580 restipulatione
996 541 1066 580 plus
1086 542 1145 579 ipsi
1164 543 1293 580 promit-

45 589 122 621 m.
137 594 229 624 quam
249 584 379 623 exigunt
403 585 441 613 ab
461 583 667 614 adversario.”
701 584 796 614 Schol.
834 583 928 622 Angl.
948 585 995 613 ‘to
1010 584 1082 623 offer
1097 585 1182 624 large
1198 584 1293 615 adds!

45 627 204 669 Orispinus
217 628 314 668 igitur
336 627 470 657 victoriae
492 633 602 663 certus,
617 627 642 657 si
658 627 822 666 sponsione
839 627 987 663 vincatur,
1005 628 1095 666 longe
1115 628 1184 666 plus
1201 638 1292 658 num-

43 677 164 703 morum
178 680 212 701 se
230 671 359 701 Horatio
381 671 524 700 daturum
549 670 710 709 promittit,
735 680 827 709 quam
852 672 890 700 ab
914 670 980 709 ipso
1004 677 1168 700 exacturus
1191 672 1241 707 sit,
1267 671 1294 701 si

44 714 170 747 hilarior
183 713 382 744 evadat’.—
393 713 564 755 [perpauca
578 711 740 754 loquentis]
767 716 775 730 ‘
789 714 943 750 taciturni,
961 723 1021 743 non
1033 714 1170 752 garruli!
1196 715 1292 745 Schol.

45 757 163 792 Quodsi
178 757 348 797 scripsisset
362 758 535 798 loquentem,
547 757 651 787 minus
666 763 736 797 apte
758 762 855 787 semet
877 757 978 797 ipsum
1002 758 1086 787 velut
1108 758 1295 789 distraheret

44 810 65 833 ι
87 801 212 842 proprio
237 801 350 831 animo.
395 801 527 830 Animus
552 806 656 830 autem
687 807 794 830 auctor
820 806 866 830 est
892 801 1040 831 sermonis
1063 801 1112 831 vel
1138 802 1221 840 parci
1244 802 1295 832 vel

43 844 169 884 cupiosi.
180 861 222 866 —
233 842 417 885 [conclusas]
436 845 605 874 Verboeum
621 854 656 874 ac
671 845 829 883 turgidum
844 854 943 882 genus
959 845 1113 875 scribendi
1127 845 1293 884 significat,

29 887 112 930 ·ipso
126 897 232 918 versus
247 898 322 918 sono
336 887 415 918 follis
429 887 553 917 sibilum
568 887 782 927 crepitumque
797 887 946 918 imitatus.

88 931 225 962 21—24.
249 929 397 972 [Beatus]
433 932 441 947 ⁸
453 931 545 960 stulte
573 931 632 960 sibi
658 931 723 970 ipse
752 931 877 970 placens
906 937 999 970 atque
1028 931 1295 962 immortalitatem

45 974 150 1005 animo
165 974 252 1014 quasi
266 974 466 1014 proecipiens.’
499 972 670 1014 [Fannius]
691 974 811 1004 Horatii
827 976 1012 1004 obtrectator
1029 973 1064 1015 (“
1077 981 1170 1014 poeta
1186 975 1295 1014 loqua-

47 1017 186 1049 «issimu-
203 1023 235 1048 et
253 1017 494 1057 ineptissimus.”
522 1018 629 1048 Comm.
655 1017 763 1058 Cruq.)
784 1024 874 1048 notus
897 1024 1046 1057 praeterea
1059 1024 1092 1048 ut
1109 1016 1296 1060 παράσιτος

49 1060 171 1100 Tigellii
189 1061 393 1100 Hermogenis
415 1071 454 1091 ex
478 1061 540 1092 Sat.
558 1060 585 1097 1,
605 1061 654 1098 10,
672 1061 722 1097 80,
739 1066 807 1100 post
823 1061 901 1091 hanc
917 1061 1039 1101 scripta.
1086 1062 1151 1092 Nec
1175 1072 1294 1101 negan-

46 1104 121 1135 dum
134 1110 201 1134 erat
218 1105 338 1134 Horatii
362 1104 518 1134 Fannium
533 1105 612 1134 mira
626 1104 762 1135 vanitate
779 1104 920 1134 inflatum
943 1105 1036 1135 libros
1052 1115 1122 1135 suos
1138 1111 1169 1135 et
1185 1105 1298 1144 imagi-

46 1156 119 1178 nem
138 1148 220 1178 ultro
239 1147 384 1178 detulisse
407 1148 439 1177 in
462 1148 679 1178 bibliothecam
701 1149 739 1178 ab
758 1147 865 1178 Asinio
890 1148 1042 1186 Pollione,
1057 1154 1091 1178 ut
1114 1149 1158 1178 ait
1179 1149 1298 1179 Plinius

47 1189 78 1229 7,
89 1190 141 1228 30,
153 1191 338 1230 publicatam
353 1199 382 1221 Α.
402 1199 433 1221 u.
449 1199 477 1220 e.
494 1190 567 1226 716,
583 1191 616 1220 in
632 1192 694 1230 qua
708 1197 791 1227 tunc,
808 1201 903 1230 quum
919 1192 1112 1228 conderetur,
1123 1192 1167 1222 M.
1185 1193 1298 1223 Teren-

47 1236 86 1265 tii
104 1235 247 1265 Varronis
262 1237 349 1264 unius
366 1236 492 1265 viventis
507 1236 608 1276 posita
628 1237 726 1275 imago
747 1239 822 1266 erat.
869 1235 952 1265 Fieri
969 1235 1077 1274 utique
1093 1235 1170 1266 illud
1186 1236 1298 1275 potuit,

47 1277 75 1308 si
88 1277 182 1308 satira.
196 1278 262 1308 haec
277 1278 389 1317 scripta
403 1283 449 1307 est
465 1286 496 1307 Α.
515 1286 546 1308 υ.
563 1286 591 1307 c.
607 1277 680 1315 722,
697 1278 745 1308 vel
762 1279 882 1308 duobus
897 1279 1033 1308 tribusve
1052 1285 1124 1309 ante
1143 1279 1300 1309 annis.—

50 1318 346 1362 [mea—timentis]
377 1321 496 1351 Eadem
520 1320 705 1351 constructio
729 1321 802 1351 satis
826 1321 983 1360 frequens.
1029 1323 1141 1352 Catuli.
1164 1323 1217 1358 66,
1246 1323 1299 1360 51,

48 1363 211 1404 Abjimctae
223 1365 326 1403 paullo
340 1369 410 1395 ante
422 1374 508 1394 comae
524 1375 588 1395 mea
594 1362 668 1404 fata
683 1375 796 1395 sorores
807 1366 976 1405 Lugebant.
1001 1366 1092 1396 Ovid.
1110 1367 1186 1396 Her.
1201 1367 1231 1402 5,
1245 1367 1299 1402 45,

48 1413 166 1438 nostroe
185 1409 288 1438 vidisti
303 1409 408 1446 flentis
429 1409 594 1438 ocellos.—
609 1406 753 1448 [Culpari
772 1406 895 1449 dignos]
919 1418 975 1448 per
997 1409 1213 1439 attractionem
1233 1419 1300 1449 pro,

49 1452 59 1467 ⁸
71 1450 186 1490 qnippe
201 1461 297 1490 quum
313 1451 415 1490 plures
430 1451 547 1490 culpari
564 1451 650 1490 digni
667 1451 749 1480 sint.'

91 1494 143 1531 25,
158 1493 209 1525 26.
227 1493 330 1535 [erue]
348 1495 397 1524 Sic
412 1493 554 1524 Vatinius
569 1495 651 1534 apud
668 1494 732 1524 Cic.
749 1495 788 1524 ad
802 1495 887 1525 Fam.
906 1495 936 1532 5,
952 1496 983 1534 9,
996 1493 1128 1535 profecto
1143 1497 1200 1527 tibi
1215 1497 1300 1527 illum

50 1535 246 1577 (fugitivum)
262 1540 420 1578 reperiam,
441 1539 501 1568 nisi
515 1539 543 1567 si
564 1539 595 1568 in
612 1538 795 1568 Delmatiam
811 1537 976 1578 aufugerit,
999 1543 1028 1570 et
1044 1541 1112 1570 inde
1129 1544 1227 1570 tamen
1241 1541 1301 1570 ali-

69 1581 166 1612 nando
180 1591 292 1611 eruam.
338 1581 443 1611 Turba
457 1583 555 1611 obruit
569 1581 724 1620 singulos;
749 1591 787 1611 ex
809 1581 866 1611 hac
889 1582 983 1620 igitur
995 1593 1076 1619 erue,
1095 1583 1301 1622 quemvis.—

67 1625 104 1655 σὺ
117 1623 293 1664 avaritiam]
318 1625 386 1655 Etsi
403 1634 465 1654 non
486 1624 598 1654 dicitur
617 1626 754 1656 laborare
775 1626 816 1655 ob
840 1627 981 1661 morbum,
1004 1631 1108 1656 tamen
1125 1627 1175 1657 hic
1191 1627 1301 1667 sacilli-

49 1677 137 1697 mum
159 1673 204 1698 est
228 1677 379 1707 zeugma;
402 1670 410 1684 ⁸
424 1673 476 1697 aut
496 1669 534 1698 ob
554 1668 714 1698 avaritiam
735 1669 827 1698 miser
850 1674 896 1698 est
918 1676 971 1698 aut
997 1669 1109 1699 miserti
1132 1670 1301 1701 ambitione

50 1710 190 1742 laborat)
233 1711 282 1741 Sic
298 1711 358 1741 Sal.
375 1711 446 1750 Jug.
463 1712 516 1748 22,
537 1712 572 1741 ob
587 1712 704 1742 easdem
720 1717 802 1742 artes
816 1723 835 1741 a
850 1712 992 1752 Micipsa,
1005 1723 1062 1743 non
1079 1716 1209 1753 pertarid
1224 1715 1301 1744 libe-

49 1755 387 1794 rorum—adoptatum
402 1765 473 1785 esse.
513 1755 578 1786 Liv.
595 1755 647 1789 38,
668 1755 719 1790 39,
740 1765 796 1785 non
820 1759 881 1785 tam
898 1757 934 1786 ob
955 1758 1088 1787 recentia
1107 1759 1170 1788 nlla
1194 1759 1303 1789 merita

50 1807 139 1838 quam
153 1798 299 1837 originum
314 1799 462 1828 memoria.
501 1798 599 1828 Tacit.
619 1798 699 1828 Hist.
716 1799 746 1835 2,
762 1799 813 1836 50,
829 1810 886 1829 non
901 1801 979 1829 noxa
993 1810 1086 1840 neque
1102 1802 1137 1831 ob
1152 1805 1271 1832 metum.

95 1839 232 1876 27—36.
256 1839 410 1881 [argenti]
445 1841 529 1878 facti,
559 1841 666 1871 cae‘lati.
678 1858 720 1863 --
734 1840 868 1882 [stupet]
903 1843 1029 1873 ‘insano
1060 1844 1164 1874 studio
1193 1844 1306 1884 quaerit

51 1891 126 1914 'usa
151 1883 425 1914 Corinthiaca.'—
441 1882 583 1924 [Albius]
614 1885 706 1914 homo
732 1886 867 1923 ignotus,
897 1893 978 1916 certe
1004 1897 1067 1916 non
1093 1888 1247 1922 Tibullus,
1269 1893 1305 1917 ut

34 1926 195 1966 'opinatus
215 1933 262 1956 est
285 1927 445 1958 Baxterus.
469 1927 532 1957 cfr.
556 1938 583 1958 v.
609 1927 732 1959 109.-—
746 1926 839 1968 [aere]
866 1929 984 1959 Eadem
1008 1937 1119 1961 constr.
1137 1931 1224 1969 Virg.
1246 1931 1304 1961 Ge.

52 1969 85 2007 2,
106 1970 179 2006 508,
201 1970 262 2000 Hic
283 1975 383 2010 stupet
406 1972 552 2000 attonitus
574 1972 702 2002 Rostris.
715 1970 944 2012 -—[collectus]
970 1979 1003 2003 ut
1019 1974 1079 2004 od.
1098 1974 1126 2011 l,
1145 1974 1173 2010 l,
1191 1974 1220 2010 4,
1231 1975 1304 2013 pul·

51 2022 148 2045 §erem
163 2014 376 2053 collegisse.—
389 2012 527 2054 [ampliet
541 2018 575 2044 ut
589 2013 667 2054 rem]
694 2015 763 2045 Non
781 2022 827 2045 est
841 2020 876 2046 ut
891 2016 993 2052 finale,
1009 2018 1063 2046 sed
1073 2019 1172 2056 junge
1189 2026 1260 2047 cum
1275 2027 1304 2049 v.

48 2061 184 2088 ¹Retinens
196 2067 207 2087 .·
230 2062 360 2087 metuens
381 2061 414 2087 ut
430 2058 551 2097 ampliet
571 2068 642 2094 rem,
657 2061 666 2075 ‘
682 2059 739 2088 lest
758 2060 794 2089 Ιιε
817 2060 922 2089 should
944 2065 995 2090 not
1016 2061 1150 2091 increase
1170 2062 1217 2091 his
1231 2071 1306 2100 pro-

50 2098 217 2140 prtyss—
230 2098 374 2140 [poetas]
401 2101 521 2130 Festive
542 2110 655 2131 nomen
679 2102 822 2139 generale
842 2103 945 2141 posuit
966 2113 1020 2142 pro
1043 2104 1092 2140 iis,
1113 2103 1166 2142 qui
1182 2103 1305 2144 proprie

51 2142 122 2175 'fn
142 2141 331 2182 βαναύσων
352 2144 423 2173 odio
438 2143 568 2183 expositi
585 2151 666 2181 sunt,
687 2145 850 2175 satirarum
866 2146 1078 2185 scriptoribus.
1124 2147 1246 2178 Scilicet
1267 2157 1307 2178 ex

48 2184 177 2216 ,ilerum
203 2187 348 2226 opinione
374 2197 492 2225 omnes,
517 2187 570 2226 qui
593 2196 698 2218 versus
722 2187 848 2225 faciunt,
875 2190 968 2219 etiam
992 2190 1101 2220 satiras
1125 2200 1307 2230 componere

54 2228 339 2272 ffloquqaliomm
355 2230 468 2260 famam
489 2231 601 2260 laedere
615 2236 752 2270 possunt.
764 2248 808 2254 —
823 2230 983 2273 [Faenum]
1009 2235 1030 2249 “
1044 2234 1177 2266 Quando
1192 2234 1308 2265 feriunt

54 2268 158 2310 hves,
173 2283 279 2304 eorum
295 2273 328 2303 in
344 2274 488 2304 cornibus
502 2273 616 2312 ligatur
630 2274 777 2304 saenum.”
808 2277 882 2306 Acr.
895 2293 938 2297 —
952 2274 1115 2316 [Excutiat
1129 2275 1204 2318 sihi]
1227 2279 1309 2309 dati-

84 2370 112 2394 ’9
121 2371 240 2400 Daunii
250 2375 321 2406 conj.
332 2382 440 2401 nummo
450 2375 601 2407 speciosam
612 2383 672 2401 esse
684 2382 830 2408 nunquam
843 2377 972 2408 equidem
981 2379 1095 2411 negabo,
1107 2385 1196 2412 quum
1207 2379 1308 2406 referat

60 2409 216 2434 'manem
225 2407 408 2435 formularum
420 2417 528 2436 nummo
540 2411 664 2436 addicere
676 2409 744 2439 (Sat.
756 2411 780 2441 2,
793 2411 816 2441 5,
832 2411 900 2443 110.)
911 2415 965 2437 cet.

647 2446 711 2475 G2
