1390 2586
1350 0 1363 18 ,⁴¹

1363 2 1381 90 l

1363 91 1370 116 it

139 199 219 239 Per
240 206 360 253 caput
380 205 421 239 et
440 198 544 239 circa
563 198 710 240 saliunt
729 199 841 241 latus.
903 201 1012 242 Ante
1032 200 1246 242 secundam
1363 186 1382 245 {⁵

141 254 311 296 Roscius
332 255 483 306 orabat,
504 255 579 295 sibi
599 255 757 296 adesses
777 255 824 296 ad
850 256 993 298 Puteal
1012 271 1108 298 cras.
1302 254 1367 298 35³

139 311 207 351 De
228 326 271 350 re
292 311 493 350 communi
512 311 651 351 scribae
671 311 816 366 magna
837 321 957 366 atque
981 313 1084 354 nova
1106 321 1146 354 te
1364 322 1366 325 ⁴

140 366 324 407 Orabam:
345 366 460 407 hodie
482 366 743 415 meminisses,
768 367 935 416 Quinte,
957 369 1116 410 reverti.

141 422 350 476 Imprimat
370 422 442 471 his,
466 437 571 471 cura,
596 422 804 464 Maecenas
824 425 938 479 signa
958 425 1125 465 tabellis.

140 478 319 527 Dixeris,
345 478 558 533 Experiar:
595 479 636 519 Si
659 480 730 527 vis,
754 488 881 533 potes,
900 480 1010 521 addit
1030 490 1071 522 et
1089 481 1223 522 instat.

143 534 346 588 Septimus
367 544 506 575 octavo
526 535 686 589 propior
701 536 785 590 jam
806 536 956 590 fugerit
975 551 1115 586 annus,
1303 534 1381 578 405.

142 590 207 630 Ex
229 605 308 644 quo
332 590 538 631 Maecenas
558 606 623 630 me
644 592 768 646 coepit
788 591 932 632 habere
948 607 1110 633 suorum

143 646 192 686 In
214 661 393 696 numero,
417 648 624 687 dumtaxat
642 648 689 687 ad
711 648 797 697 hoc,
821 663 942 702 quern
962 648 1102 689 tollere
1122 648 1246 690 rheda

142 702 279 743 Vellet
299 703 375 743 iter
395 704 556 751 faciens,
580 712 621 743 et
640 703 701 744 cui
724 704 963 745 concredere
984 719 1112 759 nugas

143 758 236 799 Hoc
255 774 401 813 genus:
435 759 548 800 Hora
568 769 690 814 quota
705 760 796 801 est?
835 760 976 801 Threx
992 758 1057 802 est
1070 760 1232 802 Gallina
1254 759 1359 816 Syro
1375 800 1377 804 ,

279 830 322 855 ar
336 814 354 855 Ρ

144 829 349 912 Matuiiina
370 885 507 924 parum
529 879 664 912 cautos
679 873 762 926 jam
784 872 931 927 frigora
951 873 1159 914 mordent:
1305 875 1358 913 45
1384 911 1385 914 ,

143 926 199 967 Et
219 942 309 981 quae
329 928 476 970 rimosa
494 927 596 968 bene
618 928 873 982 deponuntur
892 929 932 968 in
952 944 1061 970 aure.

144 983 224 1023 Per
246 992 371 1024 totum
394 983 468 1024 hoc
488 994 645 1039 tempus
664 985 880 1038 subjectior
901 985 940 1025 in
962 985 1068 1026 diem
1089 995 1131 1027 et
1150 985 1288 1026 horam
1378 1028 1385 1038 ,Ι

143 1039 323 1080 Invidiae.
384 1039 532 1081 Noster
551 1040 664 1081 ludos
684 1049 932 1095 spectaverat
951 1056 1042 1090 una,
1344 1041 1347 1046 ’

143 1095 316 1137 Luserat
335 1096 375 1135 in
398 1111 562 1150 campo3
596 1096 784 1137 Fortunae
806 1097 933 1139 filius!
956 1113 1105 1139 omnes.
1380 1127 1381 1130 =

145 1151 332 1206 Frigidus
351 1167 376 1192 a
398 1152 707 1193 Rostris—manat
727 1168 798 1207 per
818 1154 990 1207 compita
1009 1169 1165 1203 rumor;
1307 1157 1359 1194 50
1379 1151 1382 1157 ’

145 1207 391 1262 Quicunque
411 1208 552 1249 obvius
574 1218 646 1258 est,
670 1224 732 1249 me
754 1210 946 1250 consulit:
979 1209 1019 1250 O
1041 1210 1144 1250 bone
1170 1213 1279 1263 (nam
1302 1218 1341 1250 te

147 1264 272 1312 Scire,
296 1265 390 1304 deos
412 1265 598 1318 quoniam
621 1266 783 1319 propius
805 1265 1016 1321 contingis,
1039 1267 1231 1321 oportet),

146 1319 355 1375 Numquid
375 1321 424 1360 de
453 1320 571 1361 Dacis
591 1320 765 1362 audisti?
828 1322 893 1362 Nil
915 1322 1114 1376 equidem.
1175 1322 1237 1364 Ut
1262 1329 1306 1364 tu

147 1377 314 1430 Semper
334 1376 411 1416 eris
431 1376 605 1418 derisor!
667 1380 723 1418 At
743 1393 881 1418 omnes
903 1378 961 1418 Di
982 1378 1190 1433 exagitent
1208 1393 1285 1430 me,

147 1432 190 1472 Si
212 1433 442 1487 quidquam.
474 1432 618 1480 Quid?
638 1434 830 1474 militibus
850 1435 1042 1488 promissa
1063 1434 1281 1490 Triquetra
1309 1438 1360 1475 55

148 1489 303 1530 Praedia
326 1490 460 1530 Caesar
478 1504 530 1529 an
552 1498 612 1530 est
635 1490 734 1530 Itala
758 1490 899 1531 tellure
920 1490 1117 1532 daturus?

143 1545 351 1586 Jurantem
377 1560 440 1585 me
461 1546 561 1586 seire
582 1545 694 1595 nihil,
717 1546 914 1588 mirantur.
932 1557 974 1587 ut
994 1562 1116 1587 unum

147 1601 311 1642 Scilicet
330 1602 486 1656 egregii
507 1602 711 1643 mortalem
732 1602 883 1656 altique
903 1602 1048 1644 silenti.

147 1657 335 1698 Perditur
355 1658 439 1698 haec
458 1657 562 1698 inter
582 1658 726 1699 misero
746 1659 828 1706 lux,
852 1673 931 1698 non
952 1659 1038 1700 sine
1060 1659 1183 1701 votis:

147 1713 186 1754 O
203 1729 282 1763 rus,
300 1715 459 1768 quando
475 1729 552 1768 ego
568 1722 606 1754 te
619 1713 865 1769 adspiciam?
886 1716 1126 1770 quandoque
1143 1715 1290 1764 licebit,
1308 1718 1361 1756 60

133 1769 270 1810 Nunc
290 1779 467 1810 veterum
490 1770 612 1819 libris,
635 1786 742 1811 nunc
761 1785 900 1811 somno
921 1780 961 1812 et
982 1772 1176 1814 inertibus
1195 1771 1302 1813 horis

146 1825 311 1867 Ducere
332 1825 705 1880 sollicitaejucunda
726 1827 870 1867 oblivia
891 1828 1016 1869 vitae?

148 1882 188 1922 O
209 1882 369 1937 quando
389 1881 480 1923 faba
502 1882 745 1938 Pythagorae
765 1892 947 1937 cognata,
969 1884 1168 1939 simulque

148 1938 285 1980 Uncta
303 1939 397 1980 satis
418 1939 558 1993 pingui
580 1949 779 1993 ponentur
799 1940 975 1980 oluscula
995 1939 1134 1981 lardo?

149 1995 189 2036 O
212 2003 348 2036 noctes
368 2009 573 2049 coenaeque
594 1995 727 2044 defim,
750 1996 895 2050 quibus
915 1996 1000 2052 ipse
1021 1997 1180 2052 meique
1312 1999 1364 2036 65

149 2052 259 2092 Ante
282 2051 429 2092 Larem
450 2051 652 2105 proprium
673 2066 823 2101 vescor,
846 2067 1068 2107 vernasque
1088 2067 1273 2107 procaces

151 2107 277 2148 Pasco
298 2108 428 2149 libatis
448 2107 626 2162 dapibus.
690 2107 815 2148 Prout
835 2108 980 2163 cuique
1002 2108 1123 2150 libido
1143 2116 1215 2159 est,

151 2163 285 2204 Siccat
304 2163 521 2218 inaequales
541 2163 683 2204 calices
703 2165 870 2205 conviva
888 2164 1040 2206 solutus

151 2219 333 2274 Legibus
353 2220 513 2269 insanis,
535 2234 607 2261 seu
626 2220 715 2275 quis
736 2221 842 2275 capit
860 2221 966 2262 acria
984 2220 1095 2262 fortis

153 2275 317 2326 Pocula,
338 2290 409 2317 seu
430 2276 594 2318 modicis
616 2277 767 2318 uvescit
786 2277 925 2319 laetius.
986 2276 1098 2332 Ergo
1313 2280 1366 2318 70

134 94 188 131 46
493 103 750 131 SA'rmARUM
781 103 867 132 Lm.
889 105 937 132 11.
959 95 996 132 6.
