<?xml version="1.0" encoding="UTF-8"?>
<!DOCTYPE html PUBLIC "-//W3C//DTD XHTML 1.0 Transitional//EN"
    "http://www.w3.org/TR/xhtml1/DTD/xhtml1-transitional.dtd">
<html xmlns="http://www.w3.org/1999/xhtml" xml:lang="en" lang="en">
 <head>
  <title>
</title>
<meta http-equiv="Content-Type" content="text/html;charset=utf-8" />
  <meta name='ocr-system' content='tesseract 3.04.00' />
  <meta name='ocr-capabilities' content='ocr_page ocr_carea ocr_par ocr_line ocrx_word'/>
</head>
<body>
  <div class='ocr_page' id='page_1' title='image "./eclogaehoratiana02horauoft_0025.png"; bbox 0 0 1390 2586; ppageno 0'>
   <div class='ocr_carea' id='block_1_1' title="bbox 403 99 1279 139">
    <p class='ocr_par' dir='ltr' id='par_1_1' title="bbox 403 99 1279 139">
     <span class='ocr_line' id='line_1_1' title="bbox 403 99 1279 139; baseline 0 0"><span class='ocrx_word' id='word_1_1' title='bbox 403 110 670 139; x_wconf 76' lang='lat' dir='ltr'>SATmARUM</span> <span class='ocrx_word' id='word_1_2' title='bbox 700 110 789 138; x_wconf 70' lang='grc' dir='ltr'>ΜΒ.</span> <span class='ocrx_word' id='word_1_3' title='bbox 813 110 842 137; x_wconf 90' lang='lat'>1.</span> <span class='ocrx_word' id='word_1_4' title='bbox 864 100 903 138; x_wconf 91' lang='lat'>6.</span> <span class='ocrx_word' id='word_1_5' title='bbox 1230 99 1279 139; x_wconf 89' lang='lat'>17</span> 
     </span>
    </p>
   </div>
   <div class='ocr_carea' id='block_1_2' title="bbox 9 212 1285 2402">
    <p class='ocr_par' dir='ltr' id='par_1_2' title="bbox 30 212 1039 268">
     <span class='ocr_line' id='line_1_2' title="bbox 30 212 1039 268; baseline -0.004 -11"><span class='ocrx_word' id='word_1_6' title='bbox 30 215 169 266; x_wconf 85' lang='lat' dir='ltr'>Quem</span> <span class='ocrx_word' id='word_1_7' title='bbox 188 213 338 257; x_wconf 88' lang='lat' dir='ltr'>rodunt</span> <span class='ocrx_word' id='word_1_8' title='bbox 357 228 501 255; x_wconf 89' lang='lat' dir='ltr'>omnes</span> <span class='ocrx_word' id='word_1_9' title='bbox 520 212 715 254; x_wconf 88' lang='lat' dir='ltr'>libertino</span> <span class='ocrx_word' id='word_1_10' title='bbox 735 219 850 268; x_wconf 86' lang='lat' dir='ltr'>patre</span> <span class='ocrx_word' id='word_1_11' title='bbox 871 218 1039 254; x_wconf 87' lang='lat' dir='ltr'>natum:</span> 
     </span>
    </p>

    <p class='ocr_par' dir='ltr' id='par_1_3' title="bbox 30 269 1211 385">
     <span class='ocr_line' id='line_1_3' title="bbox 30 269 1211 329; baseline -0.004 -14"><span class='ocrx_word' id='word_1_12' title='bbox 30 273 166 322; x_wconf 87' lang='lat' dir='ltr'>Nunc,</span> <span class='ocrx_word' id='word_1_13' title='bbox 188 271 285 329; x_wconf 85' lang='lat' dir='ltr'>quia</span> <span class='ocrx_word' id='word_1_14' title='bbox 304 286 393 313; x_wconf 93' lang='lat' dir='ltr'>sum</span> <span class='ocrx_word' id='word_1_15' title='bbox 415 271 502 320; x_wconf 91' lang='lat' dir='ltr'>tibi,</span> <span class='ocrx_word' id='word_1_16' title='bbox 529 270 752 320; x_wconf 82' lang='lat' dir='ltr'>Maecenas,</span> <span class='ocrx_word' id='word_1_17' title='bbox 775 270 1006 321; x_wconf 82' lang='lat' dir='ltr'>convictor3</span> <span class='ocrx_word' id='word_1_18' title='bbox 1037 277 1080 312; x_wconf 88' lang='lat' dir='ltr'>at</span> <span class='ocrx_word' id='word_1_19' title='bbox 1099 269 1211 320; x_wconf 91' lang='lat' dir='ltr'>olim,</span> 
     </span>
     <span class='ocr_line' id='line_1_4' title="bbox 31 327 995 385; baseline -0.004 -13"><span class='ocrx_word' id='word_1_20' title='bbox 31 329 156 380; x_wconf 86' lang='lat' dir='ltr'>Quod</span> <span class='ocrx_word' id='word_1_21' title='bbox 176 329 274 371; x_wconf 82' lang='lat' dir='ltr'>mihi</span> <span class='ocrx_word' id='word_1_22' title='bbox 296 338 456 385; x_wconf 83' lang='lat' dir='ltr'>pareret</span> <span class='ocrx_word' id='word_1_23' title='bbox 476 328 587 385; x_wconf 86' lang='lat' dir='ltr'>legio</span> <span class='ocrx_word' id='word_1_24' title='bbox 611 328 798 369; x_wconf 87' lang='lat' dir='ltr'>Romana</span> <span class='ocrx_word' id='word_1_25' title='bbox 818 327 995 369; x_wconf 89' lang='lat' dir='ltr'>tribuno.</span> 
     </span>
    </p>

    <p class='ocr_par' dir='ltr' id='par_1_4' title="bbox 28 385 1279 556">
     <span class='ocr_line' id='line_1_5' title="bbox 29 385 1194 442; baseline -0.003 -12"><span class='ocrx_word' id='word_1_26' title='bbox 29 387 242 430; x_wconf 80' lang='lat' dir='ltr'>Dissimile</span> <span class='ocrx_word' id='word_1_27' title='bbox 265 387 341 428; x_wconf 87' lang='lat' dir='ltr'>hoc</span> <span class='ocrx_word' id='word_1_28' title='bbox 361 386 421 427; x_wconf 90' lang='lat' dir='ltr'>illi</span> <span class='ocrx_word' id='word_1_29' title='bbox 442 395 526 427; x_wconf 87' lang='lat' dir='ltr'>est:</span> <span class='ocrx_word' id='word_1_30' title='bbox 560 387 656 442; x_wconf 91' lang='lat' dir='ltr'>quia</span> <span class='ocrx_word' id='word_1_31' title='bbox 675 401 771 434; x_wconf 91' lang='lat' dir='ltr'>non,</span> <span class='ocrx_word' id='word_1_32' title='bbox 796 393 840 426; x_wconf 92' lang='lat' dir='ltr'>ut</span> <span class='ocrx_word' id='word_1_33' title='bbox 861 385 976 426; x_wconf 84' lang='lat' dir='ltr'>forsit</span> <span class='ocrx_word' id='word_1_34' title='bbox 997 385 1194 426; x_wconf 89' lang='lat' dir='ltr'>honorem</span> 
     </span>
     <span class='ocr_line' id='line_1_6' title="bbox 28 442 1279 499; baseline -0.003 -12"><span class='ocrx_word' id='word_1_35' title='bbox 28 445 130 487; x_wconf 86' lang='lat' dir='ltr'>Jure</span> <span class='ocrx_word' id='word_1_36' title='bbox 150 445 250 486; x_wconf 91' lang='lat' dir='ltr'>mihi</span> <span class='ocrx_word' id='word_1_37' title='bbox 270 443 451 486; x_wconf 81' lang='lat' dir='ltr'>invideat</span> <span class='ocrx_word' id='word_1_38' title='bbox 472 443 618 499; x_wconf 90' lang='lat' dir='ltr'>quivis,</span> <span class='ocrx_word' id='word_1_39' title='bbox 642 443 698 485; x_wconf 88' lang='lat' dir='ltr'>ita</span> <span class='ocrx_word' id='word_1_40' title='bbox 720 451 760 485; x_wconf 90' lang='lat' dir='ltr'>te</span> <span class='ocrx_word' id='word_1_41' title='bbox 782 458 947 499; x_wconf 89' lang='lat' dir='ltr'>quoque</span> <span class='ocrx_word' id='word_1_42' title='bbox 968 442 1158 493; x_wconf 84' lang='lat' dir='ltr'>amicum,</span> <span class='ocrx_word' id='word_1_43' title='bbox 1226 445 1279 484; x_wconf 86' lang='lat'>50</span> 
     </span>
     <span class='ocr_line' id='line_1_7' title="bbox 30 500 1000 556; baseline -0.004 -11"><span class='ocrx_word' id='word_1_44' title='bbox 30 502 263 546; x_wconf 81' lang='lat' dir='ltr'>Praesertim</span> <span class='ocrx_word' id='word_1_45' title='bbox 285 509 447 544; x_wconf 82' lang='lat' dir='ltr'>cautum</span> <span class='ocrx_word' id='word_1_46' title='bbox 470 502 616 556; x_wconf 78' lang='lat' dir='ltr'>dignos</span> <span class='ocrx_word' id='word_1_47' title='bbox 636 515 853 551; x_wconf 84' lang='lat' dir='ltr'>assumere,</span> <span class='ocrx_word' id='word_1_48' title='bbox 878 500 1000 556; x_wconf 60' lang='lat' dir='ltr'>prava</span> 
     </span>
    </p>

    <p class='ocr_par' dir='ltr' id='par_1_5' title="bbox 29 555 1054 616">
     <span class='ocr_line' id='line_1_8' title="bbox 29 555 1054 616; baseline -0.003 -14"><span class='ocrx_word' id='word_1_49' title='bbox 29 560 270 603; x_wconf 87' lang='lat' dir='ltr'><strong>Ambitione</strong></span> <span class='ocrx_word' id='word_1_50' title='bbox 291 559 446 616; x_wconf 84' lang='lat' dir='ltr'>procul.</span> <span class='ocrx_word' id='word_1_51' title='bbox 510 559 691 600; x_wconf 86' lang='lat' dir='ltr'>Felicem</span> <span class='ocrx_word' id='word_1_52' title='bbox 718 558 853 599; x_wconf 81' lang='lat' dir='ltr'>dicere</span> <span class='ocrx_word' id='word_1_53' title='bbox 874 574 955 599; x_wconf 91' lang='lat' dir='ltr'>non</span> <span class='ocrx_word' id='word_1_54' title='bbox 969 555 1054 599; x_wconf 62' lang='lat' dir='ltr'>&#39;hoc</span> 
     </span>
    </p>

    <p class='ocr_par' dir='ltr' id='par_1_6' title="bbox 30 615 1007 674">
     <span class='ocr_line' id='line_1_9' title="bbox 30 615 1007 674; baseline -0.004 -14"><span class='ocrx_word' id='word_1_55' title='bbox 30 616 108 660; x_wconf 88' lang='lat' dir='ltr'>Me</span> <span class='ocrx_word' id='word_1_56' title='bbox 129 618 291 674; x_wconf 87' lang='lat' dir='ltr'>possim,</span> <span class='ocrx_word' id='word_1_57' title='bbox 315 632 410 659; x_wconf 87' lang='lat' dir='ltr'>casu</span> <span class='ocrx_word' id='word_1_58' title='bbox 433 616 540 672; x_wconf 92' lang='lat' dir='ltr'>quod</span> <span class='ocrx_word' id='word_1_59' title='bbox 563 624 603 658; x_wconf 90' lang='lat' dir='ltr'>te</span> <span class='ocrx_word' id='word_1_60' title='bbox 624 615 789 657; x_wconf 88' lang='lat' dir='ltr'>sortitus</span> <span class='ocrx_word' id='word_1_61' title='bbox 809 616 1007 657; x_wconf 90' lang='lat' dir='ltr'>amicum:</span> 
     </span>
    </p>

    <p class='ocr_par' dir='ltr' id='par_1_7' title="bbox 29 672 1280 846">
     <span class='ocr_line' id='line_1_10' title="bbox 30 672 1141 729; baseline -0.002 -13"><span class='ocrx_word' id='word_1_62' title='bbox 30 675 157 717; x_wconf 88' lang='lat' dir='ltr'>Nulla</span> <span class='ocrx_word' id='word_1_63' title='bbox 178 672 332 716; x_wconf 76' lang='lat' dir='ltr'>etenim</span> <span class='ocrx_word' id='word_1_64' title='bbox 354 674 427 716; x_wconf 91' lang='lat' dir='ltr'>tibi</span> <span class='ocrx_word' id='word_1_65' title='bbox 451 689 515 715; x_wconf 91' lang='lat' dir='ltr'>me</span> <span class='ocrx_word' id='word_1_66' title='bbox 537 675 619 715; x_wconf 86' lang='lat' dir='ltr'>fors</span> <span class='ocrx_word' id='word_1_67' title='bbox 639 674 811 720; x_wconf 87' lang='lat' dir='ltr'>obtulit;</span> <span class='ocrx_word' id='word_1_68' title='bbox 844 674 1022 729; x_wconf 90' lang='lat' dir='ltr'>optimus</span> <span class='ocrx_word' id='word_1_69' title='bbox 1043 673 1141 715; x_wconf 90' lang='lat' dir='ltr'>olim</span> 
     </span>
     <span class='ocr_line' id='line_1_11' title="bbox 29 731 1280 789; baseline -0.002 -15"><span class='ocrx_word' id='word_1_70' title='bbox 29 731 243 789; x_wconf 86' lang='lat' dir='ltr'>Virgilius,</span> <span class='ocrx_word' id='word_1_71' title='bbox 266 740 359 788; x_wconf 85' lang='lat' dir='ltr'>post</span> <span class='ocrx_word' id='word_1_72' title='bbox 379 732 487 773; x_wconf 91' lang='lat' dir='ltr'>hunc</span> <span class='ocrx_word' id='word_1_73' title='bbox 510 731 671 781; x_wconf 87' lang='lat' dir='ltr'>Varius,</span> <span class='ocrx_word' id='word_1_74' title='bbox 695 731 842 772; x_wconf 51' lang='lat' dir='ltr'>dixere*</span> <span class='ocrx_word' id='word_1_75' title='bbox 859 731 958 787; x_wconf 92' lang='lat' dir='ltr'>quid</span> <span class='ocrx_word' id='word_1_76' title='bbox 980 746 1124 773; x_wconf 90' lang='lat' dir='ltr'>essem.</span> <span class='ocrx_word' id='word_1_77' title='bbox 1226 733 1280 771; x_wconf 87' lang='lat'>55</span> 
     </span>
     <span class='ocr_line' id='line_1_12' title="bbox 33 789 955 846; baseline -0.003 -14"><span class='ocrx_word' id='word_1_78' title='bbox 33 789 95 833; x_wconf 90' lang='lat' dir='ltr'>Ut</span> <span class='ocrx_word' id='word_1_79' title='bbox 116 791 209 831; x_wconf 83' lang='lat' dir='ltr'>veni</span> <span class='ocrx_word' id='word_1_80' title='bbox 227 805 378 841; x_wconf 74' lang='lat' dir='ltr'>coram,</span> <span class='ocrx_word' id='word_1_81' title='bbox 401 789 611 846; x_wconf 83' lang='lat' dir='ltr'>singultim</span> <span class='ocrx_word' id='word_1_82' title='bbox 634 804 764 844; x_wconf 84' lang='lat' dir='ltr'>pauca</span> <span class='ocrx_word' id='word_1_83' title='bbox 786 789 955 838; x_wconf 88' lang='lat' dir='ltr'>locutus,</span> 
     </span>
    </p>

    <p class='ocr_par' dir='ltr' id='par_1_8' title="bbox 35 846 1136 903">
     <span class='ocr_line' id='line_1_13' title="bbox 35 846 1136 903; baseline -0.002 -14"><span class='ocrx_word' id='word_1_84' title='bbox 35 847 196 902; x_wconf 88' lang='lat' dir='ltr'>(Infans</span> <span class='ocrx_word' id='word_1_85' title='bbox 217 862 393 903; x_wconf 83' lang='lat' dir='ltr'>namque</span> <span class='ocrx_word' id='word_1_86' title='bbox 415 847 545 903; x_wconf 90' lang='lat' dir='ltr'>pudor</span> <span class='ocrx_word' id='word_1_87' title='bbox 567 846 809 903; x_wconf 85' lang='lat' dir='ltr'>prohibebat</span> <span class='ocrx_word' id='word_1_88' title='bbox 831 847 947 902; x_wconf 88' lang='lat' dir='ltr'>plura</span> <span class='ocrx_word' id='word_1_89' title='bbox 967 846 1136 903; x_wconf 89' lang='lat' dir='ltr'>profari)</span> 
     </span>
    </p>

    <p class='ocr_par' dir='ltr' id='par_1_9' title="bbox 31 904 1138 962">
     <span class='ocr_line' id='line_1_14' title="bbox 31 904 1138 962; baseline -0.002 -15"><span class='ocrx_word' id='word_1_90' title='bbox 31 905 130 947; x_wconf 91' lang='lat' dir='ltr'>Non</span> <span class='ocrx_word' id='word_1_91' title='bbox 152 905 238 962; x_wconf 85' lang='lat' dir='ltr'>ego</span> <span class='ocrx_word' id='word_1_92' title='bbox 252 921 317 946; x_wconf 89' lang='lat' dir='ltr'>me</span> <span class='ocrx_word' id='word_1_93' title='bbox 339 906 446 946; x_wconf 85' lang='lat' dir='ltr'>claro</span> <span class='ocrx_word' id='word_1_94' title='bbox 466 913 607 947; x_wconf 90' lang='lat' dir='ltr'>natum</span> <span class='ocrx_word' id='word_1_95' title='bbox 629 913 756 961; x_wconf 85' lang='lat' dir='ltr'>patre,</span> <span class='ocrx_word' id='word_1_96' title='bbox 781 920 862 945; x_wconf 89' lang='lat' dir='ltr'>non</span> <span class='ocrx_word' id='word_1_97' title='bbox 885 919 964 961; x_wconf 87' lang='lat' dir='ltr'>ego</span> <span class='ocrx_word' id='word_1_98' title='bbox 985 904 1138 946; x_wconf 91' lang='lat' dir='ltr'>circum</span> 
     </span>
    </p>

    <p class='ocr_par' dir='ltr' id='par_1_10' title="bbox 31 962 854 1012">
     <span class='ocr_line' id='line_1_15' title="bbox 31 962 854 1012; baseline -0.001 -7"><span class='ocrx_word' id='word_1_99' title='bbox 31 962 111 1005; x_wconf 70' lang='lat' dir='ltr'>&#39;Me</span> <span class='ocrx_word' id='word_1_100' title='bbox 135 962 378 1005; x_wconf 86' lang='lat' dir='ltr'>Satureiano</span> <span class='ocrx_word' id='word_1_101' title='bbox 398 963 551 1004; x_wconf 87' lang='lat' dir='ltr'>vectari</span> <span class='ocrx_word' id='word_1_102' title='bbox 571 977 665 1004; x_wconf 88' lang='lat' dir='ltr'>rura</span> <span class='ocrx_word' id='word_1_103' title='bbox 685 962 854 1012; x_wconf 84' lang='lat' dir='ltr'>caballo,</span> 
     </span>
    </p>

    <p class='ocr_par' dir='ltr' id='par_1_11' title="bbox 33 1019 1281 1249">
     <span class='ocr_line' id='line_1_16' title="bbox 34 1019 1281 1077; baseline -0.003 -14"><span class='ocrx_word' id='word_1_104' title='bbox 34 1019 130 1071; x_wconf 87' lang='lat' dir='ltr'>Sed,</span> <span class='ocrx_word' id='word_1_105' title='bbox 146 1020 256 1077; x_wconf 80' lang='lat' dir='ltr'>quod</span> <span class='ocrx_word' id='word_1_106' title='bbox 270 1035 393 1070; x_wconf 87' lang='lat' dir='ltr'>eram,</span> <span class='ocrx_word' id='word_1_107' title='bbox 408 1035 551 1062; x_wconf 85' lang='lat' dir='ltr'>narro:</span> <span class='ocrx_word' id='word_1_108' title='bbox 574 1019 797 1076; x_wconf 85' lang='lat' dir='ltr'>respondes</span> <span class='ocrx_word' id='word_1_109' title='bbox 822 1022 887 1075; x_wconf 85' lang='lat' dir='ltr'>(ut</span> <span class='ocrx_word' id='word_1_110' title='bbox 907 1028 1000 1061; x_wconf 91' lang='lat' dir='ltr'>tuus</span> <span class='ocrx_word' id='word_1_111' title='bbox 1022 1031 1083 1062; x_wconf 89' lang='lat' dir='ltr'>est</span> <span class='ocrx_word' id='word_1_112' title='bbox 1104 1019 1208 1073; x_wconf 88' lang='lat' dir='ltr'>mos)</span> <span class='ocrx_word' id='word_1_113' title='bbox 1227 1022 1281 1059; x_wconf 87' lang='lat'>60</span> 
     </span>
     <span class='ocr_line' id='line_1_17' title="bbox 33 1077 1233 1133; baseline -0.002 -13"><span class='ocrx_word' id='word_1_114' title='bbox 33 1077 193 1120; x_wconf 76' lang='lat' dir='ltr'>Pauca:</span> <span class='ocrx_word' id='word_1_115' title='bbox 216 1078 341 1128; x_wconf 86' lang='lat' dir='ltr'>abeo3</span> <span class='ocrx_word' id='word_1_116' title='bbox 364 1087 407 1120; x_wconf 89' lang='lat' dir='ltr'>et</span> <span class='ocrx_word' id='word_1_117' title='bbox 426 1092 591 1119; x_wconf 87' lang='lat' dir='ltr'>revocas</span> <span class='ocrx_word' id='word_1_118' title='bbox 613 1093 720 1119; x_wconf 87' lang='lat' dir='ltr'>nono</span> <span class='ocrx_word' id='word_1_119' title='bbox 742 1086 834 1131; x_wconf 87' lang='lat' dir='ltr'>post</span> <span class='ocrx_word' id='word_1_120' title='bbox 853 1092 1007 1127; x_wconf 82' lang='lat' dir='ltr'>mense,</span> <span class='ocrx_word' id='word_1_121' title='bbox 1024 1077 1233 1133; x_wconf 90' lang='lat' dir='ltr'>jubesque</span> 
     </span>
     <span class='ocr_line' id='line_1_18' title="bbox 33 1134 1251 1192; baseline -0.002 -14"><span class='ocrx_word' id='word_1_122' title='bbox 33 1134 135 1190; x_wconf 88' lang='lat' dir='ltr'>Esse</span> <span class='ocrx_word' id='word_1_123' title='bbox 156 1135 198 1177; x_wconf 89' lang='lat' dir='ltr'>in</span> <span class='ocrx_word' id='word_1_124' title='bbox 219 1135 441 1177; x_wconf 90' lang='lat' dir='ltr'>amicorum</span> <span class='ocrx_word' id='word_1_125' title='bbox 461 1150 645 1176; x_wconf 89' lang='lat' dir='ltr'>numero.</span> <span class='ocrx_word' id='word_1_126' title='bbox 708 1135 912 1191; x_wconf 81' lang='lat' dir='ltr'>Magnum</span> <span class='ocrx_word' id='word_1_127' title='bbox 937 1134 1013 1176; x_wconf 91' lang='lat' dir='ltr'>hoc</span> <span class='ocrx_word' id='word_1_128' title='bbox 1034 1151 1112 1192; x_wconf 86' lang='lat' dir='ltr'>ego</span> <span class='ocrx_word' id='word_1_129' title='bbox 1133 1135 1251 1184; x_wconf 88' lang='lat' dir='ltr'>duco,</span> 
     </span>
     <span class='ocr_line' id='line_1_19' title="bbox 33 1192 1098 1249; baseline 0 -15"><span class='ocrx_word' id='word_1_130' title='bbox 33 1192 158 1242; x_wconf 86' lang='lat' dir='ltr'>Quod</span> <span class='ocrx_word' id='word_1_131' title='bbox 179 1193 312 1249; x_wconf 86' lang='lat' dir='ltr'>placui</span> <span class='ocrx_word' id='word_1_132' title='bbox 335 1193 422 1244; x_wconf 89' lang='lat' dir='ltr'>tibi,</span> <span class='ocrx_word' id='word_1_133' title='bbox 446 1193 517 1249; x_wconf 84' lang='lat' dir='ltr'>qui</span> <span class='ocrx_word' id='word_1_134' title='bbox 539 1193 647 1248; x_wconf 88' lang='lat' dir='ltr'>turpi</span> <span class='ocrx_word' id='word_1_135' title='bbox 667 1192 846 1234; x_wconf 86' lang='lat' dir='ltr'>secernis</span> <span class='ocrx_word' id='word_1_136' title='bbox 868 1192 1098 1243; x_wconf 86' lang='lat' dir='ltr'>honestum,</span> 
     </span>
    </p>

    <p class='ocr_par' dir='ltr' id='par_1_12' title="bbox 33 1249 1077 1307">
     <span class='ocr_line' id='line_1_20' title="bbox 33 1249 1077 1307; baseline 0 -15"><span class='ocrx_word' id='word_1_137' title='bbox 33 1249 128 1292; x_wconf 91' lang='lat' dir='ltr'>Non</span> <span class='ocrx_word' id='word_1_138' title='bbox 152 1257 266 1307; x_wconf 82' lang='lat' dir='ltr'>patre</span> <span class='ocrx_word' id='word_1_139' title='bbox 287 1251 492 1306; x_wconf 63' lang='lat' dir='ltr'>praeclaro,</span> <span class='ocrx_word' id='word_1_140' title='bbox 515 1250 586 1292; x_wconf 90' lang='lat' dir='ltr'>sed</span> <span class='ocrx_word' id='word_1_141' title='bbox 610 1251 695 1293; x_wconf 64' lang='lat' dir='ltr'>vita</span> <span class='ocrx_word' id='word_1_142' title='bbox 714 1259 756 1292; x_wconf 90' lang='lat' dir='ltr'>et</span> <span class='ocrx_word' id='word_1_143' title='bbox 777 1258 940 1306; x_wconf 88' lang='lat' dir='ltr'>pectore</span> <span class='ocrx_word' id='word_1_144' title='bbox 962 1265 1077 1307; x_wconf 89' lang='lat' dir='ltr'>puro.</span> 
     </span>
    </p>

    <p class='ocr_par' dir='ltr' id='par_1_13' title="bbox 20 1305 1281 1421">
     <span class='ocr_line' id='line_1_21' title="bbox 20 1305 1281 1364; baseline -0.002 -14"><span class='ocrx_word' id='word_1_145' title='bbox 20 1305 165 1364; x_wconf 85' lang='lat' dir='ltr'>&#39;Atqui</span> <span class='ocrx_word' id='word_1_146' title='bbox 186 1309 220 1350; x_wconf 88' lang='lat' dir='ltr'>si</span> <span class='ocrx_word' id='word_1_147' title='bbox 241 1309 349 1350; x_wconf 90' lang='lat' dir='ltr'>vitiis</span> <span class='ocrx_word' id='word_1_148' title='bbox 370 1308 640 1350; x_wconf 85' lang='lat' dir='ltr'>mediocribus</span> <span class='ocrx_word' id='word_1_149' title='bbox 661 1323 708 1349; x_wconf 85' lang='lat' dir='ltr'>ac</span> <span class='ocrx_word' id='word_1_150' title='bbox 729 1323 820 1350; x_wconf 86' lang='lat' dir='ltr'>mea</span> <span class='ocrx_word' id='word_1_151' title='bbox 840 1308 980 1364; x_wconf 84' lang='lat' dir='ltr'>paucis</span> <span class='ocrx_word' id='word_1_152' title='bbox 1227 1310 1281 1348; x_wconf 89' lang='lat'>65</span> 
     </span>
     <span class='ocr_line' id='line_1_22' title="bbox 36 1365 1015 1421; baseline -0.001 -13"><span class='ocrx_word' id='word_1_153' title='bbox 36 1365 241 1408; x_wconf 88' lang='lat' dir='ltr'>Mendosa</span> <span class='ocrx_word' id='word_1_154' title='bbox 260 1374 322 1411; x_wconf 88' lang='lat' dir='ltr'>est</span> <span class='ocrx_word' id='word_1_155' title='bbox 342 1375 497 1415; x_wconf 80' lang='lat' dir='ltr'>natura,</span> <span class='ocrx_word' id='word_1_156' title='bbox 520 1366 674 1421; x_wconf 84' lang='lat' dir='ltr'>alioqui</span> <span class='ocrx_word' id='word_1_157' title='bbox 695 1375 805 1407; x_wconf 88' lang='lat' dir='ltr'>recta</span> <span class='ocrx_word' id='word_1_158' title='bbox 829 1366 961 1420; x_wconf 86' lang='lat' dir='ltr'>(velut</span> <span class='ocrx_word' id='word_1_159' title='bbox 981 1365 1015 1407; x_wconf 93' lang='lat' dir='ltr'>si</span> 
     </span>
    </p>

    <p class='ocr_par' dir='ltr' id='par_1_14' title="bbox 35 1422 1129 1482">
     <span class='ocr_line' id='line_1_23' title="bbox 35 1422 1129 1482; baseline 0 -18"><span class='ocrx_word' id='word_1_160' title='bbox 35 1422 147 1482; x_wconf 88' lang='lat' dir='ltr'>Egre</span> <span class='ocrx_word' id='word_1_161' title='bbox 180 1423 219 1466; x_wconf 94' lang='lat' dir='ltr'>io</span> <span class='ocrx_word' id='word_1_162' title='bbox 240 1423 443 1480; x_wconf 89' lang='lat' dir='ltr'>inspersos</span> <span class='ocrx_word' id='word_1_163' title='bbox 463 1423 737 1479; x_wconf 86' lang='lat' dir='ltr'>reprehendas</span> <span class='ocrx_word' id='word_1_164' title='bbox 757 1438 924 1479; x_wconf 87' lang='lat' dir='ltr'>corpore</span> <span class='ocrx_word' id='word_1_165' title='bbox 947 1423 1101 1477; x_wconf 79' lang='lat' dir='ltr'>naevos)</span> <span class='ocrx_word' id='word_1_166' title='bbox 1119 1438 1129 1472; x_wconf 84' lang='lat'><em>3</em></span> 
     </span>
    </p>

    <p class='ocr_par' dir='ltr' id='par_1_15' title="bbox 34 1480 1188 1595">
     <span class='ocr_line' id='line_1_24' title="bbox 36 1480 1188 1538; baseline -0.001 -15"><span class='ocrx_word' id='word_1_167' title='bbox 36 1480 81 1523; x_wconf 89' lang='lat' dir='ltr'>Si</span> <span class='ocrx_word' id='word_1_168' title='bbox 102 1497 126 1522; x_wconf 90' lang='lat' dir='ltr'>n</span> <span class='ocrx_word' id='word_1_169' title='bbox 156 1496 238 1538; x_wconf 90' lang='lat' dir='ltr'>que</span> <span class='ocrx_word' id='word_1_170' title='bbox 259 1481 482 1531; x_wconf 83' lang='lat' dir='ltr'>avaritiam,</span> <span class='ocrx_word' id='word_1_171' title='bbox 507 1496 642 1537; x_wconf 88' lang='lat' dir='ltr'>neque</span> <span class='ocrx_word' id='word_1_172' title='bbox 663 1480 814 1531; x_wconf 88' lang='lat' dir='ltr'>sordes,</span> <span class='ocrx_word' id='word_1_173' title='bbox 837 1488 908 1522; x_wconf 86' lang='lat' dir='ltr'>aut</span> <span class='ocrx_word' id='word_1_174' title='bbox 928 1481 1033 1522; x_wconf 87' lang='lat' dir='ltr'>mala</span> <span class='ocrx_word' id='word_1_175' title='bbox 1061 1481 1188 1523; x_wconf 83' lang='lat' dir='ltr'>lustra</span> 
     </span>
     <span class='ocr_line' id='line_1_25' title="bbox 34 1538 1098 1595; baseline 0 -15"><span class='ocrx_word' id='word_1_176' title='bbox 34 1538 219 1595; x_wconf 82' lang='lat' dir='ltr'>Objiciet</span> <span class='ocrx_word' id='word_1_177' title='bbox 239 1554 334 1580; x_wconf 86' lang='lat' dir='ltr'>vere</span> <span class='ocrx_word' id='word_1_178' title='bbox 357 1539 572 1595; x_wconf 88' lang='lat' dir='ltr'>qnisquam</span> <span class='ocrx_word' id='word_1_179' title='bbox 596 1538 718 1589; x_wconf 83' lang='lat' dir='ltr'>mihi3</span> <span class='ocrx_word' id='word_1_180' title='bbox 750 1553 875 1594; x_wconf 90' lang='lat' dir='ltr'>purus</span> <span class='ocrx_word' id='word_1_181' title='bbox 897 1550 938 1580; x_wconf 87' lang='lat' dir='ltr'>et</span> <span class='ocrx_word' id='word_1_182' title='bbox 959 1539 1098 1580; x_wconf 88' lang='lat' dir='ltr'>insons</span> 
     </span>
    </p>

    <p class='ocr_par' dir='ltr' id='par_1_16' title="bbox 35 1595 1282 1710">
     <span class='ocr_line' id='line_1_26' title="bbox 37 1595 1282 1651; baseline -0.002 -12"><span class='ocrx_word' id='word_1_183' title='bbox 37 1595 121 1651; x_wconf 88' lang='lat' dir='ltr'>(Ut</span> <span class='ocrx_word' id='word_1_184' title='bbox 141 1612 205 1638; x_wconf 90' lang='lat' dir='ltr'>me</span> <span class='ocrx_word' id='word_1_185' title='bbox 227 1596 473 1651; x_wconf 83' lang='lat' dir='ltr'>collaudem)</span> <span class='ocrx_word' id='word_1_186' title='bbox 498 1596 531 1638; x_wconf 90' lang='lat' dir='ltr'>si</span> <span class='ocrx_word' id='word_1_187' title='bbox 553 1605 594 1637; x_wconf 91' lang='lat' dir='ltr'>et</span> <span class='ocrx_word' id='word_1_188' title='bbox 615 1596 707 1637; x_wconf 92' lang='lat' dir='ltr'>vivo</span> <span class='ocrx_word' id='word_1_189' title='bbox 730 1611 844 1637; x_wconf 90' lang='lat' dir='ltr'>carus</span> <span class='ocrx_word' id='word_1_190' title='bbox 865 1595 1030 1646; x_wconf 86' lang='lat' dir='ltr'>amicis;</span> <span class='ocrx_word' id='word_1_191' title='bbox 1227 1599 1282 1638; x_wconf 90' lang='grc'>70</span> 
     </span>
     <span class='ocr_line' id='line_1_27' title="bbox 35 1653 1082 1710; baseline 0 -16"><span class='ocrx_word' id='word_1_192' title='bbox 35 1654 171 1701; x_wconf 71' lang='lat' dir='ltr'>Causa</span> <span class='ocrx_word' id='word_1_193' title='bbox 190 1654 268 1696; x_wconf 90' lang='lat' dir='ltr'>fuit</span> <span class='ocrx_word' id='word_1_194' title='bbox 289 1663 404 1709; x_wconf 90' lang='lat' dir='ltr'>pater</span> <span class='ocrx_word' id='word_1_195' title='bbox 423 1653 498 1704; x_wconf 89' lang='lat' dir='ltr'>his,</span> <span class='ocrx_word' id='word_1_196' title='bbox 522 1653 593 1710; x_wconf 89' lang='lat' dir='ltr'>qui</span> <span class='ocrx_word' id='word_1_197' title='bbox 614 1669 750 1695; x_wconf 87' lang='lat' dir='ltr'>macro</span> <span class='ocrx_word' id='word_1_198' title='bbox 772 1668 927 1709; x_wconf 85' lang='lat' dir='ltr'>pauper</span> <span class='ocrx_word' id='word_1_199' title='bbox 947 1653 1082 1710; x_wconf 88' lang='lat' dir='ltr'>agello</span> 
     </span>
    </p>

    <p class='ocr_par' dir='ltr' id='par_1_17' title="bbox 35 1710 994 1767">
     <span class='ocr_line' id='line_1_28' title="bbox 35 1710 994 1767; baseline 0 -15"><span class='ocrx_word' id='word_1_200' title='bbox 35 1710 182 1753; x_wconf 90' lang='lat' dir='ltr'>Noluit</span> <span class='ocrx_word' id='word_1_201' title='bbox 201 1711 243 1752; x_wconf 93' lang='lat' dir='ltr'>in</span> <span class='ocrx_word' id='word_1_202' title='bbox 268 1711 381 1753; x_wconf 81' lang='lat' dir='ltr'>Flavi</span> <span class='ocrx_word' id='word_1_203' title='bbox 404 1711 543 1752; x_wconf 90' lang='lat' dir='ltr'>ludum</span> <span class='ocrx_word' id='word_1_204' title='bbox 566 1726 631 1752; x_wconf 90' lang='lat' dir='ltr'>me</span> <span class='ocrx_word' id='word_1_205' title='bbox 653 1711 830 1761; x_wconf 86' lang='lat' dir='ltr'>mittere,</span> <span class='ocrx_word' id='word_1_206' title='bbox 854 1712 994 1767; x_wconf 85' lang='lat' dir='ltr'>magni</span> 
     </span>
    </p>

    <p class='ocr_par' dir='ltr' id='par_1_18' title="bbox 35 1768 950 1826">
     <span class='ocr_line' id='line_1_29' title="bbox 35 1768 950 1826; baseline -0.001 -16"><span class='ocrx_word' id='word_1_207' title='bbox 35 1768 132 1826; x_wconf 71' lang='lat' dir='ltr'>Qup</span> <span class='ocrx_word' id='word_1_208' title='bbox 146 1768 282 1825; x_wconf 77' lang='lat' dir='ltr'>pueri,</span> <span class='ocrx_word' id='word_1_209' title='bbox 305 1769 464 1824; x_wconf 84' lang='lat' dir='ltr'>magnis</span> <span class='ocrx_word' id='word_1_210' title='bbox 486 1784 508 1810; x_wconf 92' lang='lat' dir='ltr'>e</span> <span class='ocrx_word' id='word_1_211' title='bbox 530 1769 837 1810; x_wconf 88' lang='lat' dir='ltr'>centurionibus</span> <span class='ocrx_word' id='word_1_212' title='bbox 859 1770 950 1819; x_wconf 83' lang='lat' dir='ltr'>orti,</span> 
     </span>
    </p>

    <p class='ocr_par' dir='ltr' id='par_1_19' title="bbox 9 1823 1284 2055">
     <span class='ocr_line' id='line_1_30' title="bbox 34 1823 998 1882; baseline 0 -14"><span class='ocrx_word' id='word_1_213' title='bbox 34 1823 162 1868; x_wconf 68' lang='lat' dir='ltr'>Laevb</span> <span class='ocrx_word' id='word_1_214' title='bbox 182 1827 367 1882; x_wconf 87' lang='lat' dir='ltr'>suspensi</span> <span class='ocrx_word' id='word_1_215' title='bbox 389 1826 540 1868; x_wconf 88' lang='lat' dir='ltr'>loculos</span> <span class='ocrx_word' id='word_1_216' title='bbox 562 1827 825 1882; x_wconf 78' lang='lat' dir='ltr'>tabulamque</span> <span class='ocrx_word' id='word_1_217' title='bbox 848 1826 998 1869; x_wconf 88' lang='lat' dir='ltr'>lacerto</span> 
     </span>
     <span class='ocr_line' id='line_1_31' title="bbox 33 1883 1284 1939; baseline -0.001 -14"><span class='ocrx_word' id='word_1_218' title='bbox 33 1883 332 1939; x_wconf 26' lang='lat' dir='ltr'>lbantnoctonis</span> <span class='ocrx_word' id='word_1_219' title='bbox 354 1884 576 1935; x_wconf 70' lang='lat' dir='ltr'>referentes</span> <span class='ocrx_word' id='word_1_220' title='bbox 601 1884 741 1925; x_wconf 84' lang='lat' dir='ltr'>Idibus</span> <span class='ocrx_word' id='word_1_221' title='bbox 763 1899 866 1933; x_wconf 79' lang='lat' dir='ltr'>aera3</span> <span class='ocrx_word' id='word_1_222' title='bbox 1230 1886 1284 1925; x_wconf 90' lang='lat'>75</span> 
     </span>
     <span class='ocr_line' id='line_1_32' title="bbox 9 1930 1169 1998; baseline -0.002 -14"><span class='ocrx_word' id='word_1_223' title='bbox 9 1947 12 1951; x_wconf 87' lang='lat'>&#39;</span> <span class='ocrx_word' id='word_1_224' title='bbox 36 1935 122 1984; x_wconf 73' lang='lat' dir='ltr'>S&#39;ed</span> <span class='ocrx_word' id='word_1_225' title='bbox 141 1956 314 1998; x_wconf 90' lang='lat' dir='ltr'>puerum</span> <span class='ocrx_word' id='word_1_226' title='bbox 335 1930 398 1982; x_wconf 58' lang='lat' dir='ltr'>est</span> <span class='ocrx_word' id='word_1_227' title='bbox 416 1956 535 1984; x_wconf 90' lang='lat' dir='ltr'>ausus</span> <span class='ocrx_word' id='word_1_228' title='bbox 559 1942 734 1983; x_wconf 86' lang='lat' dir='ltr'>Romam</span> <span class='ocrx_word' id='word_1_229' title='bbox 756 1952 917 1998; x_wconf 87' lang='lat' dir='ltr'>portare</span> <span class='ocrx_word' id='word_1_230' title='bbox 939 1941 1169 1982; x_wconf 90' lang='lat' dir='ltr'>docendum</span> 
     </span>
     <span class='ocr_line' id='line_1_33' title="bbox 35 1995 1090 2055; baseline 0 -15"><span class='ocrx_word' id='word_1_231' title='bbox 35 1997 181 2052; x_wconf 77' lang='lat' dir='ltr'>Artes‚&#39;</span> <span class='ocrx_word' id='word_1_232' title='bbox 197 2013 298 2055; x_wconf 88' lang='lat' dir='ltr'>quas</span> <span class='ocrx_word' id='word_1_233' title='bbox 317 1995 461 2040; x_wconf 79' lang='lat' dir='ltr'>docea&#39;t</span> <span class='ocrx_word' id='word_1_234' title='bbox 481 2000 614 2055; x_wconf 90' lang='lat' dir='ltr'>quivis</span> <span class='ocrx_word' id='word_1_235' title='bbox 636 2014 763 2055; x_wconf 85' lang='lat' dir='ltr'>eques</span> <span class='ocrx_word' id='word_1_236' title='bbox 782 2009 907 2055; x_wconf 88' lang='lat' dir='ltr'>atque</span> <span class='ocrx_word' id='word_1_237' title='bbox 927 2007 1090 2040; x_wconf 88' lang='lat' dir='ltr'>senator</span> 
     </span>
    </p>

    <p class='ocr_par' dir='ltr' id='par_1_20' title="bbox 36 2056 1158 2113">
     <span class='ocr_line' id='line_1_34' title="bbox 36 2056 1158 2113; baseline 0 -15"><span class='ocrx_word' id='word_1_238' title='bbox 36 2057 179 2098; x_wconf 78' lang='lat' dir='ltr'>Seme‘t</span> <span class='ocrx_word' id='word_1_239' title='bbox 198 2065 432 2113; x_wconf 85' lang='lat' dir='ltr'>prognatos.</span> <span class='ocrx_word' id='word_1_240' title='bbox 493 2056 661 2099; x_wconf 85' lang='lat' dir='ltr'>Vestem</span> <span class='ocrx_word' id='word_1_241' title='bbox 683 2072 904 2113; x_wconf 84' lang='lat' dir='ltr'>servosque</span> <span class='ocrx_word' id='word_1_242' title='bbox 925 2063 1158 2112; x_wconf 87' lang='lat' dir='ltr'>sequentes,</span> 
     </span>
    </p>

    <p class='ocr_par' dir='ltr' id='par_1_21' title="bbox 34 2113 992 2179">
     <span class='ocr_line' id='line_1_35' title="bbox 34 2113 992 2179; baseline 0.001 -23"><span class='ocrx_word' id='word_1_243' title='bbox 34 2113 86 2169; x_wconf 73' lang='lat' dir='ltr'>ln</span> <span class='ocrx_word' id='word_1_244' title='bbox 107 2117 257 2179; x_wconf 78' lang='lat' dir='ltr'>magno</span> <span class='ocrx_word' id='word_1_245' title='bbox 280 2127 324 2155; x_wconf 89' lang='lat' dir='ltr'>ut</span> <span class='ocrx_word' id='word_1_246' title='bbox 345 2113 508 2169; x_wconf 71' lang='lat' dir='ltr'>populo,</span> <span class='ocrx_word' id='word_1_247' title='bbox 531 2114 565 2155; x_wconf 88' lang='lat' dir='ltr'>si</span> <span class='ocrx_word' id='word_1_248' title='bbox 586 2115 657 2170; x_wconf 89' lang='lat' dir='ltr'>qui</span> <span class='ocrx_word' id='word_1_249' title='bbox 678 2114 857 2165; x_wconf 88' lang='lat' dir='ltr'>vidisset,</span> <span class='ocrx_word' id='word_1_250' title='bbox 880 2115 992 2157; x_wconf 66' lang='lat' dir='ltr'>avita</span> 
     </span>
    </p>

    <p class='ocr_par' dir='ltr' id='par_1_22' title="bbox 34 2166 1285 2284">
     <span class='ocr_line' id='line_1_36' title="bbox 35 2166 1285 2227; baseline -0.001 -14"><span class='ocrx_word' id='word_1_251' title='bbox 35 2166 104 2213; x_wconf 80' lang='lat' dir='ltr'>Ex</span> <span class='ocrx_word' id='word_1_252' title='bbox 123 2187 167 2213; x_wconf 90' lang='lat' dir='ltr'>re</span> <span class='ocrx_word' id='word_1_253' title='bbox 189 2171 358 2227; x_wconf 67' lang='lat' dir='ltr'>praeberi</span> <span class='ocrx_word' id='word_1_254' title='bbox 381 2179 567 2226; x_wconf 87' lang='lat' dir='ltr'>sumptus</span> <span class='ocrx_word' id='word_1_255' title='bbox 587 2172 687 2212; x_wconf 89' lang='lat' dir='ltr'>mihi</span> <span class='ocrx_word' id='word_1_256' title='bbox 707 2172 893 2214; x_wconf 89' lang='lat' dir='ltr'>crederet</span> <span class='ocrx_word' id='word_1_257' title='bbox 913 2171 1015 2212; x_wconf 90' lang='lat' dir='ltr'>illos.</span> <span class='ocrx_word' id='word_1_258' title='bbox 1230 2175 1285 2213; x_wconf 75' lang='lat'>80</span> 
     </span>
     <span class='ocr_line' id='line_1_37' title="bbox 34 2227 962 2284; baseline -0.001 -13"><span class='ocrx_word' id='word_1_259' title='bbox 34 2227 130 2284; x_wconf 85' lang='lat' dir='ltr'>Ipse</span> <span class='ocrx_word' id='word_1_260' title='bbox 152 2229 251 2270; x_wconf 86' lang='lat' dir='ltr'>mihi</span> <span class='ocrx_word' id='word_1_261' title='bbox 272 2238 406 2282; x_wconf 85' lang='lat' dir='ltr'>custos</span> <span class='ocrx_word' id='word_1_262' title='bbox 427 2229 799 2284; x_wconf 84' lang='lat' dir='ltr'>incorruptissimus</span> <span class='ocrx_word' id='word_1_263' title='bbox 820 2243 962 2270; x_wconf 89' lang='lat' dir='ltr'>omnes</span> 
     </span>
    </p>

    <p class='ocr_par' dir='ltr' id='par_1_23' title="bbox 15 2285 1156 2402">
     <span class='ocr_line' id='line_1_38' title="bbox 15 2285 1156 2342; baseline -0.002 -14"><span class='ocrx_word' id='word_1_264' title='bbox 15 2285 203 2328; x_wconf 84' lang='lat' dir='ltr'>›Circum</span> <span class='ocrx_word' id='word_1_265' title='bbox 224 2286 410 2328; x_wconf 89' lang='lat' dir='ltr'>doctores</span> <span class='ocrx_word' id='word_1_266' title='bbox 429 2286 582 2328; x_wconf 86' lang='lat' dir='ltr'>aderat.</span> <span class='ocrx_word' id='word_1_267' title='bbox 644 2285 758 2335; x_wconf 86' lang='lat' dir='ltr'>Quid</span> <span class='ocrx_word' id='word_1_268' title='bbox 780 2286 940 2328; x_wconf 81' lang='lat' dir='ltr'>multa?</span> <span class='ocrx_word' id='word_1_269' title='bbox 962 2285 1156 2342; x_wconf 91' lang='lat' dir='ltr'>pudicum</span> 
     </span>
     <span class='ocr_line' id='line_1_39' title="bbox 38 2342 1079 2402; baseline -0.002 -16"><span class='ocrx_word' id='word_1_270' title='bbox 38 2342 146 2402; x_wconf 82' lang='lat' dir='ltr'>(Qui</span> <span class='ocrx_word' id='word_1_271' title='bbox 165 2344 320 2402; x_wconf 90' lang='lat' dir='ltr'>primus</span> <span class='ocrx_word' id='word_1_272' title='bbox 341 2343 504 2387; x_wconf 90' lang='lat' dir='ltr'>virtutis</span> <span class='ocrx_word' id='word_1_273' title='bbox 527 2344 672 2398; x_wconf 87' lang='lat' dir='ltr'>honos)</span> <span class='ocrx_word' id='word_1_274' title='bbox 698 2343 875 2386; x_wconf 87' lang='lat' dir='ltr'>servavit</span> <span class='ocrx_word' id='word_1_275' title='bbox 894 2343 945 2386; x_wconf 88' lang='lat' dir='ltr'>ab</span> <span class='ocrx_word' id='word_1_276' title='bbox 967 2343 1079 2385; x_wconf 92' lang='lat' dir='ltr'>omni</span> 
     </span>
    </p>
   </div>
  </div>
 </body>
</html>
