1390 2586
128 101 182 143 88
307 98 310 101 “
461 114 775 142 EPISTOLARUM
806 114 892 142 Lm.
914 115 963 142 11.
990 104 1023 143 l.

130 212 192 255 Ut
212 213 333 269 patris
353 213 510 262 attenti,
533 212 688 254 lenonis
711 221 753 254 ut
772 212 962 262 insidiosi,

131 270 318 317 Quantus
339 270 390 310 sit
412 269 649 310 Dossennus
670 269 856 310 edacibus
877 269 915 309 in
938 270 1131 324 parasitis,

131 326 264 374 Quam
287 341 364 365 non
386 326 574 367 adstricto
594 334 798 380 percurrat
819 326 971 380 pulpita
991 341 1117 367 socco.

132 382 269 423 Gestit
311 383 418 422 enim
463 396 669 422 nummum
719 381 758 421 in
802 381 952 422 loculos
995 382 1218 432 demittere,
1260 389 1351 438 post

242 437 316 477 hoc
1274 441 1349 479 175

133 494 319 541 Securus,
343 493 467 541 eadat,
489 508 538 534 an
561 501 669 534 recto
689 501 768 534 stet
787 493 921 534 fabula
941 493 1031 535 talo.

132 550 266 597 Quem
289 549 379 590 tulit
399 550 447 590 ad
468 564 626 589 scenam
648 558 813 590 ventoso
836 549 977 590 Gloria
997 565 1126 600 curru,

132 605 350 646 Exanimat
371 606 501 646 lentus
521 614 731 660 spectator,
753 606 915 646 sedulus
935 605 1071 647 inflat:

134 663 202 703 Sic
223 662 322 710 leve,
345 662 402 702 sic
423 676 586 716 parvum
609 672 680 710 est,
703 661 878 702 animum
900 663 1006 716 quod
1028 661 1154 703 laudis
1173 677 1335 705 avarum

134 718 301 759 Subruit
320 733 365 758 ac
386 717 513 758 reficit
532 717 540 759 !
602 717 745 758 Valeat
766 733 826 766 res
847 718 1009 766 ludicra,
1031 718 1064 759 si
1085 733 1149 759 me
1272 721 1350 760 180

134 774 275 815 Palma
296 784 440 828 negata
461 788 649 822 macrum,
672 774 818 814 donata
837 774 993 815 reducit
1012 773 1203 829 opimum.

134 831 252 884 Saepe
273 832 391 870 etiam
413 830 603 871 audacem
624 831 737 886 fugat
757 829 831 870 hoc
851 838 1054 884 terretque
1075 839 1248 885 poetam,

133 886 256 934 Quod
278 901 443 926 numero
464 886 609 940 plures,
632 887 777 927 virtute
798 895 838 927 et
858 886 1007 927 honore
1028 886 1214 936 minores,

133 942 291 983 Indocti
313 942 526 997 stolidique
548 951 589 983 et
608 942 840 998 depugnare
862 942 1000 997 parati,

135 998 178 1039 Si
200 999 398 1040 discordet
418 1013 554 1052 eques,
578 998 706 1038 media
727 999 830 1039 inter
852 999 1025 1039 carmina
1044 1005 1214 1053 poscunt
1275 1000 1350 1039 185

133 1055 220 1096 Aut
241 1070 387 1103 ursum,
409 1064 478 1095 aut
498 1054 676 1110 pugiles:
708 1054 769 1095 his
790 1069 880 1095 nam
903 1054 1110 1109 plebecula
1130 1053 1295 1110 plaudit.

133 1111 285 1151 Verum
309 1111 455 1165 equitis
475 1126 636 1165 quoqne
651 1111 735 1165 jam
757 1110 943 1166 migravit
962 1110 1011 1151 ab
1031 1125 1127 1151 aure
1147 1110 1330 1165 voluptas

133 1166 280 1208 Omnis
299 1167 348 1208 ad
371 1167 542 1207 incertos
563 1167 697 1207 oculos
717 1175 757 1207 et
776 1166 922 1221 gaudia
943 1181 1055 1207 vana.

134 1223 321 1271 Quatuor
340 1232 409 1264 aut
429 1223 561 1274 plures
581 1223 708 1263 aulaea
728 1230 963 1277 premuntur
984 1222 1024 1263 in
1047 1223 1174 1272 horas,

134 1279 245 1320 Dum
263 1279 425 1334 fugiunt
438 1282 618 1333 equitum
636 1287 775 1319 turmae
792 1278 1053 1333 peditumque
1069 1288 1256 1327 catervae;
1277 1281 1352 1319 190

135 1335 238 1376 Mox
262 1336 427 1376 trahitur
449 1336 630 1376 manibus
650 1349 790 1390 regum
811 1335 970 1376 fortuna
989 1335 1169 1384 retortis3

135 1391 286 1432 Esseda
306 1392 507 1440 festinant,
528 1391 692 1446 pilenta,
716 1391 918 1445 petorrita,
941 1406 1085 1440 naves;

135 1448 350 1503 Captivum
374 1457 551 1502 portatur
572 1448 682 1496 ebur,
705 1447 861 1501 captiva
883 1447 1113 1488 Corinthus.

136 1505 179 1545 Si
202 1507 304 1545 foret
324 1505 363 1544 in
389 1504 513 1552 terris,
536 1503 684 1544 rideret
706 1503 974 1552 Democritus,
997 1517 1068 1544 seu

133 1560 352 1601 Diversum
376 1561 540 1601 confusa
560 1575 688 1614 genus
710 1559 903 1614 panthera
923 1559 1087 1609 camelo,
1277 1562 1355 1600 195

136 1617 231 1657 Sive
252 1617 414 1671 elephas
434 1616 547 1657 albus
567 1616 676 1670 vulgi
699 1623 949 1656 converteret
969 1630 1057 1656 ora:

136 1673 346 1727 Spectaret
367 1673 557 1726 populum
579 1672 680 1712 ludis
700 1671 892 1711 attentius
912 1671 1019 1726 ipsis,

136 1729 198 1770 Ut
217 1729 292 1768 sibi
313 1729 558 1783 praebentem
580 1728 701 1767 mimo
721 1727 946 1782 spectacula
966 1728 1102 1782 plura3

136 1785 358 1839 Scriptores
378 1793 511 1825 autem
534 1799 691 1824 narrare
712 1792 871 1838 putaret
889 1784 1011 1824 asello

136 1841 340 1882 Fabellam
362 1841 480 1881 surdo
498 1855 507 1880 ε
539 1855 629 1880 nam
651 1854 741 1894 quae
761 1840 996 1894 pervincere
1017 1854 1134 1881 voces
1273 1843 1356 1881 200

136 1897 336 1938 Evaluere
357 1912 511 1944 sonum,
534 1897 712 1936 referunt
733 1911 852 1950 quem
874 1904 1007 1937 nostra
1028 1895 1213 1937 theatra?

136 1953 372 2009 Garganum
396 1953 550 2008 mugire
573 1961 688 2007 putes
710 1967 863 2001 nemus,
885 1960 955 1992 aut
976 1967 1082 1992 mare
1103 1951 1281 1993 Tuscum
1299 1967 1308 1992 ε

135 2010 271 2050 Tanto
292 2025 382 2050 cum
403 2008 571 2063 strepitu
594 2008 675 2048 ludi
695 2017 926 2062 spectantur
946 2017 987 2050 et
1005 2017 1123 2057 artes,

135 2065 385 2120 Divitiaeque
408 2065 653 2120 peregrinae;
685 2063 831 2119 quibus
851 2064 996 2105 oblitus
1015 2074 1123 2105 actor

136 2121 276 2169 Quum
297 2122 409 2163 stetit
428 2122 466 2162 in
489 2122 621 2169 scena,
644 2121 844 2161 concurrit
864 2120 1029 2162 dextera
1050 2121 1169 2162 laevae.
1274 2123 1356 2161 205

136 2177 258 2218 Dixit
277 2178 407 2218 adhuc
425 2175 607 2232 aliquid?
668 2177 738 2216 Nil
758 2192 865 2217 sane.
927 2176 1038 2224 Quid
1059 2177 1191 2232 placet
1210 2176 1338 2232 ergo?

137 2233 252 2274 Lana
274 2234 496 2275 Tarentino
517 2233 638 2274 violas
659 2233 812 2274 imitata
834 2247 1000 2274 veneno.

131 2291 201 2331 =Ac
220 2304 271 2330 ne
292 2290 392 2331 forte
415 2299 529 2345 putes
549 2305 627 2339 me,
650 2304 740 2344 quae
761 2290 892 2330 facere
913 2289 998 2344 ipse
1019 2303 1211 2338 recusem,
