1390 2586
93 0 146 18 ..λ-ψ

109 135 114 142 ;
127 100 304 144 μεσπι]
510 100 890 133 ini-nnmerum.
1248 102 1330 144 291

113 213 187 237 uem
205 203 401 244 praecipitare
425 203 592 242 (Quinctil.
615 203 673 242 Ep.
691 203 731 232 ad
750 203 869 242 Tryph.
886 200 941 242 1);
964 203 1020 234 sed
1035 213 1091 244 per
1111 204 1217 243 plures
1234 213 1334 234 annos

61 251 66 255 '
116 242 240 279 ‘nentur
255 247 287 277 in
303 247 427 281 scrinio,
450 257 512 285 quo
527 247 696 285 tranquillo
711 246 819 276 animo
833 247 962 276 elimare
979 257 1090 286 poema
1106 253 1196 277 tuum
1212 247 1334 286 possis.’

61 287 111 322 δέ,
121 289 248 332 [noscit]
281 291 361 330 Epp.
380 290 408 326 l,
426 290 476 327 18,
494 289 544 326 71,
566 291 646 320 volat
660 291 854 320 irrevocabile
870 291 1001 321 verbum.

59 330 291 368 flam-39⁴.
332 334 484 373 Exposito
506 334 606 373 poesis
623 333 684 363 fine
699 340 794 372 atque
816 334 948 364 artificio
963 334 1048 363 omni
1066 334 1218 364 occultam
1236 331 1334 364 ἀντί-

66 363 161 416 §how
194 377 310 408 faciens
337 378 485 407 adversus
507 377 647 407 infelices
670 378 738 407 illos
762 383 878 416 poetas,
911 387 1016 407 veram
1047 379 1113 416 ejus
1145 378 1334 416 dignitatem

54 421 216 452 “redient
231 431 249 451 a
263 420 467 458 religionibus
486 430 521 450 ac
536 421 657 458 legibus
678 431 733 460 per
752 431 853 450 sacros
876 426 961 451 vates
984 421 1122 460 primum
1142 421 1332 456 constitutis,

0 465 2 467 ’
67 493 69 495 .
89 474 139 496 uoe
154 465 248 495 simul
270 470 317 494 est
333 464 472 504 mythica
495 464 596 503 poesis
618 465 749 494 historia
770 464 901 495 fortasse
923 474 962 494 ex
981 465 1187 504 Neoptolemo
1210 465 1334 495 hausta.

59 507 62 523 ³
104 517 133 537 v.
157 506 354 547 391—4111.)
385 507 449 537 Cfr.
470 508 539 547 Epp
565 509 595 543 2,
614 507 643 547 l,
660 508 782 539 129-
799 506 976 548 [Silvestres
997 506 1144 548 homines]
1180 508 1244 538 cfr.
1269 509 1335 538 Sat.

0 547 6 549 ‚
54 549 144 589 ¹LS,
159 551 214 584 99.
231 567 275 573 —
291 549 409 591 [sacer]
438 551 529 581 Pluto
555 561 618 581 non
645 557 708 581 tam
733 561 801 581 esse
827 550 916 582 θεῖον
942 548 1060 582 ἀοιδὸν
1085 552 1215 581 Homeri
1238 562 1335 591 quam

26 595 196 635 ⁴«0rphea
224 593 286 625 τὸν
316 593 488 636 θεολόγον,
516 600 550 624 ut
579 596 619 624 ab
645 595 813 625 Aristotele
840 595 1025 634 appellatur,
1054 601 1085 625 et
1111 595 1241 633 Virgilio
1260 596 1334 625 AEn.

66 637 100 677 G,
119 637 194 674 645,
221 639 358 676 Orpheus
373 644 420 668 est
438 639 597 668 Threicius
612 640 760 668 sacerdos.
773 655 814 660 —
828 637 1052 679 [interpresque
1068 637 1207 677 deorum]
1237 639 1334 668 Rhesi

22 703 24 705 >
69 690 100 712 v.
125 681 199 719 943,
238 681 443 723 Μυστηρίων
474 678 506 711 δὲ
541 683 609 711 τῶν
643 678 851 723 ὰποῤῥὴτων
881 682 993 722 φανὰς
1009 679 1158 716 Ἐὂειξεν
1187 679 1335 723 Ὀρφεύς.

69 721 230 764 Aristoph.
263 726 344 755 Ran.
375 724 466 761 1032,
499 722 633 765 Ὀρφεὺς
660 724 722 766 μὲν
752 725 815 766 γὰρ
842 723 980 762 τελετάς
1010 724 1039 756 θ’
1066 724 1149 766 ἡμῖν
1173 723 1335 761 κατέδειξε

48 779 50 782 ·
92 765 184 799 ὄνων
212 765 241 798 τ’
270 765 520 808 ἁπέχεσθαι.-
536 766 634 808 [victu
654 767 759 808 soedo]
794 769 960 808 glandibus
986 775 1018 798 et
1041 769 1143 799 ferina
1169 770 1275 799 cruda.
1292 786 1336 792 —

66 772 256 889 ἔδεθλον-ταδὶ]
280 814 317 841 ‘a
333 812 386 841 tali
406 811 546 842 foeditate
569 813 682 842 acriter
704 813 887 843 dehortatus
908 819 964 848 est,
985 813 1085 843 donec
1103 815 1143 843 ab
1167 814 1204 843 ea
1221 814 1334 842 desue-

50 851 51 854 ¹
117 855 141 886 ti
169 855 354 885 essent.’—
381 853 554 895 [Orpheus]
588 865 607 885 a
637 866 698 895 quo
729 856 830 895 poesis
861 857 1033 895 primordia
1062 857 1163 886 Graeci
1192 862 1335 896 repetere

66 898 221 935 solebant,
254 898 311 929 etsi
344 898 441 929 Linus
475 899 669 938 praecessisse
702 900 867 929 videbatur
901 901 1074 939 Orpheum.
1131 900 1234 930 Prima
1268 901 1335 939 ejus

0 979 2 981 .
45 942 188 972 ³mentio
210 941 278 972 fieri
308 942 432 971 videtur
460 943 543 982 apud
573 943 703 982 Ibycum
737 943 805 972 Rel.
839 953 868 981 p.
889 943 949 974 160
973 944 1078 979 Schn„
1102 941 1337 983 ὀνομακλυτὸς

62 981 125 1027 ’ορ
151 995 172 1022 η
195 984 322 1024 (vocat.)
375 985 463 1015 Pind.
490 986 581 1025 Pyth.
609 986 640 1019 4,
668 986 738 1021 176,
777 985 811 1020 ἐξ
840 984 1062 1023 ’Λπόλλωνος
1093 984 1124 1016 δὲ
1156 986 1338 1027 φορμικτὰς

67 1026 125 1062 ἀοι
145 1028 191 1060 ἂν
207 1027 322 1068 πατὴρ
336 1025 483 1069 Ἐμολεν
505 1027 683 1067 εὐαίνητος
704 1026 849 1070 Ὀρφεύς.
860 1047 904 1051 -
917 1029 1100 1071 [Amphion]
1126 1031 1184 1060 Od.
1197 1030 1227 1066 3,
1242 1030 1294 1069 11,
1305 1031 1334 1060 2.

69 1072 151 1112 Epp.
169 1072 197 1109 1,
215 1071 263 1107 18.
280 1072 330 1103 41.
356 1072 413 1110 (32
427 1073 539 1102 harum
555 1072 691 1112 eclogg.)

113 1115 295 1148 396-400.
335 1113 429 1155 [Fuit
453 1118 516 1146 haec
542 1115 709 1156 sapientia]
749 1117 863 1153 Poetae,
893 1123 927 1147 ut
956 1117 1000 1147 ait
1031 1118 1119 1147 Plato
1149 1117 1182 1146 in
1209 1117 1337 1156 Lyside,

69 1168 100 1199 p.
115 1158 191 1195 214,
217 1156 300 1200 ἡμῖν
318 1157 430 1199 ὥσπερ
460 1157 601 1200 πατέρες
621 1160 685 1197 τῆς
710 1159 828 1201 σοφίας
851 1158 912 1191 εἰσὶ
936 1160 991 1191 καὶ
1016 1159 1338 1201 ἡγεμόνες.-[Ριιὸ-

69 1200 146 1242 lica]
183 1202 218 1232 in
244 1207 378 1242 quatuor
407 1213 524 1242 genera
555 1204 613 1233 hoc
646 1214 672 1232 v.
703 1211 876 1234 memorata
905 1215 1014 1234 omnes
1047 1215 1095 1234 res
1121 1205 1339 1243 partiebantur

72 1245 450 1277 Romani.—Concubitu
463 1244 556 1287 vago]
581 1247 767 1286 promiscuo,
791 1248 859 1277 sine
881 1248 1038 1278 connubio
1063 1254 1146 1277 certo
1169 1253 1201 1277 et
1221 1248 1337 1281 stabili,

70 1289 157 1320 unde
181 1299 318 1320 venerem
344 1291 489 1320 incertam
515 1296 604 1320 vocat
630 1292 693 1320 Sat.
714 1290 741 1327 l,
757 1290 788 1326 3,
806 1291 875 1322 109.
888 1307 932 1314 —-
945 1289 1037 1331 [dare
1050 1289 1146 1331 jura]
1171 1301 1270 1329 quum
1286 1292 1339 1321 lex

70 1332 262 1365 matrimonii
285 1331 405 1363 stabilis
428 1334 679 1363 constitueretur.
694 1331 899 1375 --[maritis]
925 1335 976 1364 ‘et
997 1335 1063 1364 viro
1087 1341 1118 1364 et
1136 1335 1280 1364 mulieri.'
1294 1350 1339 1356 ——

38 1414 41 1415 ⁷
71 1373 190 1416 [ligno]
214 1376 348 1406 “AEreis
373 1376 458 1406 enim
484 1377 598 1406 tabulis
617 1377 738 1416 antiqui
760 1388 822 1407 non
847 1383 921 1408 sunt
942 1378 1002 1414 usi,
1029 1379 1084 1407 sed
1106 1378 1252 1408 roboreis.
1301 1378 1339 1407 ln

71 1419 128 1451 has
156 1419 334 1450 incidebant
357 1420 452 1459 leges,
482 1420 566 1450 unde
589 1421 692 1450 adhuc
718 1421 851 1451 Athenis
874 1421 979 1460 legum
1007 1422 1120 1451 tabulae
1146 1420 1266 1458 ἄξονες
1291 1420 1340 1461 (et

18 1471 20 1474 ’
71 1459 219 1503 κύρβεις)
250 1463 432 1493 vocantur.”
468 1464 673 1504 Porphyr.—
689 1461 760 1504 [Sic
782 1464 890 1502 honor]
931 1467 939 1481 ‘
953 1465 1119 1495 Posteritas
1142 1465 1295 1494 beneficia
1319 1474 1339 1494 a

74 1505 166 1544 Lino,
204 1507 342 1546 Orpheo,
381 1507 501 1537 Musaeo
530 1508 704 1547 ceterisque
737 1508 831 1538 sacris
863 1509 923 1538 illis
953 1509 1083 1538 deorum
1112 1508 1337 1547 interpretibus

71 1554 200 1588 accepta.
213 1555 303 1589 grato
317 1550 422 1580 animo
437 1560 608 1589 agnoscens
624 1561 676 1581 eos
692 1551 920 1581 immortalitati
936 1552 1151 1581 consecravit.’

117 1592 295 1630 401-407.
319 1591 412 1634 [Post
425 1592 494 1634 hos]
519 1595 545 1624 A
561 1595 683 1624 vatibus
696 1595 855 1634 mythicis,
872 1605 949 1634 quos
965 1596 996 1625 di
1010 1596 1210 1634 inspirarant,
1227 1595 1340 1624 transit

72 1636 114 1669 nd
137 1636 299 1667 historiam
325 1637 427 1676 poesis
450 1647 531 1668 verae
557 1638 642 1677 apud
670 1639 807 1677 Graecos,
831 1639 886 1668 sed
911 1636 1337 1678 poeticam.—[Tyrtaeum]

74 1679 173 1714 Notas
192 1680 231 1710 de
247 1689 284 1710 eo
304 1679 423 1711 fabulas
446 1680 497 1711 hic
517 1682 641 1720 copiose
664 1688 793 1712 narrant
814 1682 1058 1712 Scholiastae.-—-
1074 1680 1202 1722 [sortes]
1228 1683 1246 1698 “
1259 1682 1338 1711 Ora-

73 1723 145 1755 cula
158 1723 192 1753 in
206 1723 315 1762 primis
331 1724 484 1763 Delphica
499 1725 607 1755 dicit.”
640 1726 738 1755 Gloss.
753 1742 797 1747 —
813 1723 900 1765 [vitoe
915 1731 1080 1756 monstrata
1094 1724 1159 1764 via]
1187 1726 1340 1764 poematis

73 1766 268 1799 didascalicis
291 1772 323 1796 et
344 1768 515 1807 gnomicis;
539 1768 694 1806 significat
720 1769 904 1805 Hesiodum,
928 1770 1084 1805 Solonem,
1110 1769 1340 1807 Theogffidem,

75 1809 132 1840 ἃς.
147 1825 189 1832 -
205 1808 326 1850 [gratia
341 1809 463 1851 regum]
488 1812 538 1841 Sic
555 1812 720 1848 Pindarus,
748 1813 934 1848 Simonides,
959 1813 1163 1851 Bacchylides
1182 1812 1340 1848 Hieronis,

77 1852 231 1886 Theronis
258 1854 454 1893 aliorumque
478 1855 655 1894 principum
680 1856 818 1885 virorum
849 1855 987 1886 favorem
1018 1856 1208 1886 carminibus
1237 1856 1340 1885 ambi-

73 1901 252 1927 verunt.—
270 1894 450 1938 [ludusque]
487 1899 647 1928 ‘remissio
682 1905 714 1928 et
742 1899 908 1929 oblectatio
937 1900 1114 1929 animorum
1145 1909 1200 1938 per
1230 1899 1340 1938 poesin

8 1943 10 1946 “
74 1940 230 1973 scenicam
245 1940 278 1970 in
296 1941 455 1980 Dionysiis
471 1941 543 1978 τοῖς
557 1939 630 1972 κατ’
645 1940 774 1983 ἀγροὺς
787 1952 894 1972 mense
911 1943 1083 1972 Posideone
1101 1941 1141 1982 (s.
1160 1942 1341 1982 Decembri)

46 1983 47 1986 ’
74 1983 248 2019 celebratis,
277 1994 347 2022 quae
377 1985 470 2014 simul
495 1995 624 2024 operum
655 1986 841 2016 rusticorum
869 1986 964 2016 finem
995 1986 1230 2016 faciebant.'--
1247 1984 1340 2026 [ΙΨ-ιε

74 2024 196 2066 muers]
221 2028 229 2043 ‘
241 2027 353 2057 artifex
369 2028 516 2058 carminis
530 2029 639 2068 lyrici.’
652 2045 695 2050 ——
709 2027 830 2069 [cantor
844 2028 968 2070 Apollo]
993 2030 1046 2069 qui
1063 2030 1096 2059 in
1113 2029 1219 2059 multis
1235 2030 1340 2069 sculp-

0 2069 3 2072 ’
43 2090 47 2091 ⁷
75 2069 154 2101 turis
170 2075 201 2100 et
215 2071 353 2100 nummis
368 2071 531 2102 citharaedi
545 2073 655 2102 habitu
671 2073 868 2112 exprimitur.

119 2113 302 2144 408—411.
331 2112 490 2155 [Natura]
524 2115 615 2146 Brevi
639 2126 712 2145 mox
735 2122 959 2156 praecepturus,
983 2117 1139 2155 quomodo
1158 2116 1341 2146 educandus

74 2155 320 2196 formandusque
341 2158 380 2187 sit
396 2167 487 2189 verus
505 2158 557 2188 hic
576 2167 678 2198 poeta,
702 2161 789 2198 prius
810 2161 911 2199 tangit
933 2160 1138 2199 quaestionem
1161 2160 1342 2198 frequentet

75 2200 116 2231 ab
130 2200 268 2239 antiquis
284 2201 471 2231 institutam.
519 2202 670 2232 Pindarus
686 2204 812 2241 quidem
831 2210 950 2233 naturae
966 2204 1082 2242 primas
1098 2203 1197 2233 defert
1213 2203 1341 2242 Olymp.

75 2243 107 2279 2,
122 2243 175 2280 86,
199 2242 300 2296 σορὸς
318 2241 335 2274 ὁ
352 2243 468 2274 πολλὰ
485 2243 578 2282 εἰδὼς
597 2245 682 2288 φυᾷ·
705 2245 871 2286 μαθόντες
895 2243 928 2276 δὲ
953 2244 1075 2286 λάβροι
1096 2245 1342 2287 Παγγλωσσίᾳ,

76 2283 211 2328 κόρακες
234 2297 291 2325 ως,
313 2283 466 2328 ἄκραντα
491 2287 660 2330 γαρύετον
684 2289 762 2326 Διὸς
781 2289 865 2330 πρὸς
884 2287 1004 2331 ὄρνιχα
1027 2288 1128 2320 Θεῖον.
1174 2292 1253 2320 Cum
1275 2291 1340 2319 Ho-

76 2330 157 2360 ratio
171 2330 246 2360 facit
262 2331 372 2361 Cicero
387 2341 443 2370 pro
459 2332 576 2362 Archia
592 2332 622 2370 7,
646 2334 714 2373 Ego
728 2335 872 2364 contendo
887 2344 976 2374 quum
991 2335 1033 2363 ad
1047 2338 1188 2364 naturam
1202 2334 1342 2364 eximiam

76 2376 169 2414 atque
191 2374 341 2405 illustrem
365 2377 525 2406 accesserit
547 2378 628 2407 ratio
652 2377 790 2417 quaedam
816 2375 1068 2417 conformatioque
1097 2378 1251 2414 doctrina,
1279 2380 1342 2407 tum
