<?xml version="1.0" encoding="UTF-8"?>
<!DOCTYPE html PUBLIC "-//W3C//DTD XHTML 1.0 Transitional//EN"
    "http://www.w3.org/TR/xhtml1/DTD/xhtml1-transitional.dtd">
<html xmlns="http://www.w3.org/1999/xhtml" xml:lang="en" lang="en">
 <head>
  <title>
</title>
<meta http-equiv="Content-Type" content="text/html;charset=utf-8" />
  <meta name='ocr-system' content='tesseract 3.04.00' />
  <meta name='ocr-capabilities' content='ocr_page ocr_carea ocr_par ocr_line ocrx_word'/>
</head>
<body>
  <div class='ocr_page' id='page_1' title='image "./eclogaehoratiana02horauoft_0051.png"; bbox 0 0 1390 2586; ppageno 0'>
   <div class='ocr_carea' id='block_1_1' title="bbox 391 91 1278 131">
    <p class='ocr_par' dir='ltr' id='par_1_1' title="bbox 391 91 1278 131">
     <span class='ocr_line' id='line_1_1' title="bbox 391 91 1278 131; baseline 0.002 -2"><span class='ocrx_word' id='word_1_1' title='bbox 391 100 657 130; x_wconf 80' lang='lat' dir='ltr'><strong>SATIRARUM</strong></span> <span class='ocrx_word' id='word_1_2' title='bbox 685 101 775 130; x_wconf 78' lang='lat' dir='ltr'>Lm.</span> <span class='ocrx_word' id='word_1_3' title='bbox 798 102 847 130; x_wconf 86' lang='lat'>11.</span> <span class='ocrx_word' id='word_1_4' title='bbox 870 91 908 130; x_wconf 88' lang='lat'>5.</span> <span class='ocrx_word' id='word_1_5' title='bbox 1221 92 1278 131; x_wconf 83' lang='lat'>43</span> 
     </span>
    </p>
   </div>
   <div class='ocr_carea' id='block_1_2' title="bbox 14 199 1281 1234">
    <p class='ocr_par' dir='ltr' id='par_1_2' title="bbox 19 199 1116 417">
     <span class='ocr_line' id='line_1_2' title="bbox 31 199 1007 260; baseline 0 -15"><span class='ocrx_word' id='word_1_6' title='bbox 31 199 193 260; x_wconf 83' lang='lat' dir='ltr'>Magna</span> <span class='ocrx_word' id='word_1_7' title='bbox 211 202 392 245; x_wconf 88' lang='lat' dir='ltr'>minorve</span> <span class='ocrx_word' id='word_1_8' title='bbox 412 203 499 244; x_wconf 85' lang='lat' dir='ltr'>foro</span> <span class='ocrx_word' id='word_1_9' title='bbox 519 203 553 244; x_wconf 90' lang='lat' dir='ltr'>si</span> <span class='ocrx_word' id='word_1_10' title='bbox 573 218 636 246; x_wconf 90' lang='lat' dir='ltr'>res</span> <span class='ocrx_word' id='word_1_11' title='bbox 657 203 878 246; x_wconf 78' lang='lat' dir='ltr'>certabitur</span> <span class='ocrx_word' id='word_1_12' title='bbox 897 203 1007 254; x_wconf 91' lang='lat' dir='ltr'>olim,</span> 
     </span>
     <span class='ocr_line' id='line_1_3' title="bbox 30 257 1116 316; baseline 0.002 -15"><span class='ocrx_word' id='word_1_13' title='bbox 30 257 157 302; x_wconf 86' lang='lat' dir='ltr'><strong>Vivet</strong></span> <span class='ocrx_word' id='word_1_14' title='bbox 176 268 267 302; x_wconf 89' lang='lat' dir='ltr'>uter</span> <span class='ocrx_word' id='word_1_15' title='bbox 287 260 467 316; x_wconf 86' lang='lat' dir='ltr'>locuples</span> <span class='ocrx_word' id='word_1_16' title='bbox 487 261 574 302; x_wconf 89' lang='lat' dir='ltr'>sine</span> <span class='ocrx_word' id='word_1_17' title='bbox 596 261 742 316; x_wconf 87' lang='lat' dir='ltr'>gnatis,</span> <span class='ocrx_word' id='word_1_18' title='bbox 765 262 987 316; x_wconf 89' lang='lat' dir='ltr'>improbus,</span> <span class='ocrx_word' id='word_1_19' title='bbox 1009 261 1116 304; x_wconf 91' lang='lat' dir='ltr'>ultro</span> 
     </span>
     <span class='ocr_line' id='line_1_4' title="bbox 19 314 1038 417; baseline 0.003 -59"><span class='ocrx_word' id='word_1_20' title='bbox 19 314 118 417; x_wconf 61' lang='lat' dir='ltr'>‘gui</span> <span class='ocrx_word' id='word_1_21' title='bbox 138 318 346 360; x_wconf 88' lang='lat' dir='ltr'>meliorem</span> <span class='ocrx_word' id='word_1_22' title='bbox 367 318 499 360; x_wconf 86' lang='lat' dir='ltr'>audax</span> <span class='ocrx_word' id='word_1_23' title='bbox 522 327 639 361; x_wconf 41' lang='lat' dir='ltr'>voce-t</span> <span class='ocrx_word' id='word_1_24' title='bbox 659 319 701 359; x_wconf 91' lang='lat' dir='ltr'>in</span> <span class='ocrx_word' id='word_1_25' title='bbox 717 320 799 376; x_wconf 88' lang='lat' dir='ltr'>jus,</span> <span class='ocrx_word' id='word_1_26' title='bbox 821 319 930 361; x_wconf 87' lang='lat' dir='ltr'>illius</span> <span class='ocrx_word' id='word_1_27' title='bbox 951 329 1038 361; x_wconf 89' lang='lat' dir='ltr'>esto</span> 
     </span>
    </p>

    <p class='ocr_par' dir='ltr' id='par_1_3' title="bbox 14 374 1281 1234">
     <span class='ocr_line' id='line_1_5' title="bbox 77 374 1276 433; baseline 0.003 -18"><span class='ocrx_word' id='word_1_28' title='bbox 77 374 258 417; x_wconf 80' lang='lat' dir='ltr'>efensor:</span> <span class='ocrx_word' id='word_1_29' title='bbox 289 376 395 418; x_wconf 62' lang='lat' dir='ltr'>fama</span> <span class='ocrx_word' id='word_1_30' title='bbox 418 376 548 418; x_wconf 88' lang='lat' dir='ltr'>civem</span> <span class='ocrx_word' id='word_1_31' title='bbox 571 377 775 432; x_wconf 64' lang='lat' dir='ltr'>causaque</span> <span class='ocrx_word' id='word_1_32' title='bbox 797 377 972 433; x_wconf 86' lang='lat' dir='ltr'>priorem</span> <span class='ocrx_word' id='word_1_33' title='bbox 1221 379 1276 418; x_wconf 86' lang='lat'>30</span> 
     </span>
     <span class='ocr_line' id='line_1_6' title="bbox 18 429 1085 490; baseline 0.004 -18"><span class='ocrx_word' id='word_1_34' title='bbox 18 429 203 487; x_wconf 68' lang='lat' dir='ltr'>Sperne,</span> <span class='ocrx_word' id='word_1_35' title='bbox 226 433 335 475; x_wconf 90' lang='lat' dir='ltr'>domi</span> <span class='ocrx_word' id='word_1_36' title='bbox 355 434 388 475; x_wconf 92' lang='lat' dir='ltr'>si</span> <span class='ocrx_word' id='word_1_37' title='bbox 409 443 558 490; x_wconf 85' lang='lat' dir='ltr'>gnatus</span> <span class='ocrx_word' id='word_1_38' title='bbox 580 435 657 476; x_wconf 91' lang='lat' dir='ltr'>erit</span> <span class='ocrx_word' id='word_1_39' title='bbox 676 434 900 476; x_wconf 88' lang='lat' dir='ltr'>fecundave</span> <span class='ocrx_word' id='word_1_40' title='bbox 922 436 1085 490; x_wconf 88' lang='lat' dir='ltr'>conjux.</span> 
     </span>
     <span class='ocr_line' id='line_1_7' title="bbox 17 485 1232 548; baseline 0.002 -18"><span class='ocrx_word' id='word_1_41' title='bbox 17 485 202 539; x_wconf 62' lang='lat' dir='ltr'>Quinte,</span> <span class='ocrx_word' id='word_1_42' title='bbox 225 498 334 546; x_wconf 81' lang='lat' dir='ltr'>puta,</span> <span class='ocrx_word' id='word_1_43' title='bbox 357 502 428 533; x_wconf 86' lang='lat' dir='ltr'>aut</span> <span class='ocrx_word' id='word_1_44' title='bbox 454 492 572 533; x_wconf 86' lang='lat' dir='ltr'>Publi</span> <span class='ocrx_word' id='word_1_45' title='bbox 599 492 799 548; x_wconf 88' lang='lat' dir='ltr'>(gaudent</span> <span class='ocrx_word' id='word_1_46' title='bbox 821 493 1068 548; x_wconf 79' lang='lat' dir='ltr'>praenomine</span> <span class='ocrx_word' id='word_1_47' title='bbox 1090 491 1232 534; x_wconf 91' lang='lat' dir='ltr'>molles</span> 
     </span>
     <span class='ocr_line' id='line_1_8' title="bbox 30 546 1030 602; baseline 0.001 -12"><span class='ocrx_word' id='word_1_48' title='bbox 30 546 274 602; x_wconf 80' lang='lat' dir='ltr'>Auriculae)‚</span> <span class='ocrx_word' id='word_1_49' title='bbox 297 549 371 590; x_wconf 89' lang='lat' dir='ltr'>tibi</span> <span class='ocrx_word' id='word_1_50' title='bbox 394 565 457 591; x_wconf 90' lang='lat' dir='ltr'>me</span> <span class='ocrx_word' id='word_1_51' title='bbox 479 550 606 591; x_wconf 90' lang='lat' dir='ltr'>virtus</span> <span class='ocrx_word' id='word_1_52' title='bbox 627 559 696 591; x_wconf 87' lang='lat' dir='ltr'>tua</span> <span class='ocrx_word' id='word_1_53' title='bbox 715 550 812 591; x_wconf 85' lang='lat' dir='ltr'>fecit</span> <span class='ocrx_word' id='word_1_54' title='bbox 830 550 1030 591; x_wconf 87' lang='lat' dir='ltr'>amicum:</span> 
     </span>
     <span class='ocr_line' id='line_1_9' title="bbox 14 600 1016 664; baseline 0.005 -20"><span class='ocrx_word' id='word_1_55' title='bbox 14 600 104 653; x_wconf 45' lang='lat' dir='ltr'>«lus</span> <span class='ocrx_word' id='word_1_56' title='bbox 122 619 274 662; x_wconf 85' lang='lat' dir='ltr'>anceps</span> <span class='ocrx_word' id='word_1_57' title='bbox 295 607 403 657; x_wconf 78' lang='lat' dir='ltr'>novi,</span> <span class='ocrx_word' id='word_1_58' title='bbox 426 622 565 649; x_wconf 81' lang='lat' dir='ltr'><strong>causas</strong></span> <span class='ocrx_word' id='word_1_59' title='bbox 585 607 804 648; x_wconf 82' lang='lat' dir='ltr'>defendere</span> <span class='ocrx_word' id='word_1_60' title='bbox 826 622 988 664; x_wconf 88' lang='lat' dir='ltr'>possum</span> <span class='ocrx_word' id='word_1_61' title='bbox 1007 624 1016 649; x_wconf 92' lang='lat'><strong>:</strong></span> 
     </span>
     <span class='ocr_line' id='line_1_10' title="bbox 30 654 1280 721; baseline 0.001 -16"><span class='ocrx_word' id='word_1_62' title='bbox 30 654 193 718; x_wconf 74' lang='lat' dir='ltr'>Eripiet</span> <span class='ocrx_word' id='word_1_63' title='bbox 212 663 346 720; x_wconf 84' lang='lat' dir='ltr'>quivis</span> <span class='ocrx_word' id='word_1_64' title='bbox 365 664 503 707; x_wconf 90' lang='lat' dir='ltr'>oculos</span> <span class='ocrx_word' id='word_1_65' title='bbox 524 665 642 707; x_wconf 89' lang='lat' dir='ltr'>citius</span> <span class='ocrx_word' id='word_1_66' title='bbox 664 665 774 715; x_wconf 85' lang='lat' dir='ltr'>mihi,</span> <span class='ocrx_word' id='word_1_67' title='bbox 798 680 920 721; x_wconf 86' lang='lat' dir='ltr'>quam</span> <span class='ocrx_word' id='word_1_68' title='bbox 941 673 981 706; x_wconf 91' lang='lat' dir='ltr'>te</span> <span class='ocrx_word' id='word_1_69' title='bbox 1224 667 1280 706; x_wconf 85' lang='lat'>35</span> 
     </span>
     <span class='ocr_line' id='line_1_11' title="bbox 17 712 1269 778; baseline 0.002 -18"><span class='ocrx_word' id='word_1_70' title='bbox 17 712 324 778; x_wconf 66' lang='lat' dir='ltr'>&#39;contemptum</span> <span class='ocrx_word' id='word_1_71' title='bbox 347 722 460 764; x_wconf 65' lang='lat' dir='ltr'>cassa</span> <span class='ocrx_word' id='word_1_72' title='bbox 482 737 584 763; x_wconf 89' lang='lat' dir='ltr'>nuce</span> <span class='ocrx_word' id='word_1_73' title='bbox 606 733 827 778; x_wconf 85' lang='lat' dir='ltr'>pauperet:</span> <span class='ocrx_word' id='word_1_74' title='bbox 862 723 947 765; x_wconf 87' lang='lat' dir='ltr'>haec</span> <span class='ocrx_word' id='word_1_75' title='bbox 967 737 1058 764; x_wconf 88' lang='lat' dir='ltr'>mea</span> <span class='ocrx_word' id='word_1_76' title='bbox 1078 736 1174 764; x_wconf 84' lang='lat' dir='ltr'>cura</span> <span class='ocrx_word' id='word_1_77' title='bbox 1194 731 1269 772; x_wconf 88' lang='lat' dir='ltr'>est,</span> 
     </span>
     <span class='ocr_line' id='line_1_12' title="bbox 33 772 1246 837; baseline 0.002 -17"><span class='ocrx_word' id='word_1_78' title='bbox 33 772 98 832; x_wconf 73' lang='lat' dir='ltr'>Ne</span> <span class='ocrx_word' id='word_1_79' title='bbox 118 780 217 835; x_wconf 92' lang='lat' dir='ltr'>quid</span> <span class='ocrx_word' id='word_1_80' title='bbox 239 789 283 821; x_wconf 89' lang='lat' dir='ltr'>tu</span> <span class='ocrx_word' id='word_1_81' title='bbox 304 780 462 836; x_wconf 81' lang='lat' dir='ltr'>perdas,</span> <span class='ocrx_word' id='word_1_82' title='bbox 485 795 565 821; x_wconf 90' lang='lat' dir='ltr'>neu</span> <span class='ocrx_word' id='word_1_83' title='bbox 587 781 640 825; x_wconf 84' lang='lat' dir='ltr'>sis</span> <span class='ocrx_word' id='word_1_84' title='bbox 655 781 786 836; x_wconf 89' lang='lat' dir='ltr'>jocus.</span> <span class='ocrx_word' id='word_1_85' title='bbox 850 780 915 821; x_wconf 90' lang='lat' dir='ltr'>Ire</span> <span class='ocrx_word' id='word_1_86' title='bbox 937 780 1101 822; x_wconf 91' lang='lat' dir='ltr'>domum</span> <span class='ocrx_word' id='word_1_87' title='bbox 1121 789 1246 837; x_wconf 90' lang='lat' dir='ltr'>atque</span> 
     </span>
     <span class='ocr_line' id='line_1_13' title="bbox 30 833 962 894; baseline 0.001 -16"><span class='ocrx_word' id='word_1_88' title='bbox 30 833 271 890; x_wconf 61' lang='lat' dir='ltr'>Pelliculam</span> <span class='ocrx_word' id='word_1_89' title='bbox 292 853 432 879; x_wconf 87' lang='lat' dir='ltr'>curare</span> <span class='ocrx_word' id='word_1_90' title='bbox 446 838 549 894; x_wconf 91' lang='lat' dir='ltr'>jube</span> <span class='ocrx_word' id='word_1_91' title='bbox 566 853 575 878; x_wconf 77' lang='lat' dir='ltr'><strong><em>z</em></strong></span> <span class='ocrx_word' id='word_1_92' title='bbox 609 838 633 878; x_wconf 83' lang='lat' dir='ltr'><strong>fi</strong></span> <span class='ocrx_word' id='word_1_93' title='bbox 657 839 843 894; x_wconf 82' lang='lat' dir='ltr'>cognitor</span> <span class='ocrx_word' id='word_1_94' title='bbox 863 839 962 893; x_wconf 86' lang='lat' dir='ltr'>ipse.</span> 
     </span>
     <span class='ocr_line' id='line_1_14' title="bbox 30 891 1128 951; baseline 0.002 -15"><span class='ocrx_word' id='word_1_95' title='bbox 30 891 187 945; x_wconf 79' lang='lat' dir='ltr'>Persta‚</span> <span class='ocrx_word' id='word_1_96' title='bbox 209 903 333 951; x_wconf 90' lang='lat' dir='ltr'>atque</span> <span class='ocrx_word' id='word_1_97' title='bbox 354 895 519 943; x_wconf 85' lang='lat' dir='ltr'>obdura,</span> <span class='ocrx_word' id='word_1_98' title='bbox 543 910 616 936; x_wconf 89' lang='lat' dir='ltr'>seu</span> <span class='ocrx_word' id='word_1_99' title='bbox 637 895 758 937; x_wconf 89' lang='lat' dir='ltr'>rubra</span> <span class='ocrx_word' id='word_1_100' title='bbox 780 895 978 938; x_wconf 84' lang='lat' dir='ltr'>Canicula</span> <span class='ocrx_word' id='word_1_101' title='bbox 998 896 1128 938; x_wconf 88' lang='lat' dir='ltr'>findet</span> 
     </span>
     <span class='ocr_line' id='line_1_15' title="bbox 30 948 1281 1010; baseline 0.002 -17"><span class='ocrx_word' id='word_1_102' title='bbox 30 948 215 1003; x_wconf 85' lang='lat' dir='ltr'>Infantes</span> <span class='ocrx_word' id='word_1_103' title='bbox 235 962 412 1002; x_wconf 82' lang='lat' dir='ltr'>statuas3</span> <span class='ocrx_word' id='word_1_104' title='bbox 443 968 515 994; x_wconf 89' lang='lat' dir='ltr'>seu</span> <span class='ocrx_word' id='word_1_105' title='bbox 537 953 681 1010; x_wconf 87' lang='lat' dir='ltr'>pingui</span> <span class='ocrx_word' id='word_1_106' title='bbox 704 963 840 995; x_wconf 88' lang='lat' dir='ltr'>tentus</span> <span class='ocrx_word' id='word_1_107' title='bbox 861 969 999 995; x_wconf 89' lang='lat' dir='ltr'>omaso</span> <span class='ocrx_word' id='word_1_108' title='bbox 1226 957 1281 995; x_wconf 89' lang='grc'>40</span> 
     </span>
     <span class='ocr_line' id='line_1_16' title="bbox 30 1005 1007 1067; baseline 0.001 -15"><span class='ocrx_word' id='word_1_109' title='bbox 30 1005 178 1052; x_wconf 87' lang='lat' dir='ltr'>Furius</span> <span class='ocrx_word' id='word_1_110' title='bbox 199 1010 388 1052; x_wconf 90' lang='lat' dir='ltr'>hibernas</span> <span class='ocrx_word' id='word_1_111' title='bbox 408 1011 510 1053; x_wconf 66' lang='lat' dir='ltr'>cana</span> <span class='ocrx_word' id='word_1_112' title='bbox 531 1011 624 1052; x_wconf 89' lang='lat' dir='ltr'>nive</span> <span class='ocrx_word' id='word_1_113' title='bbox 646 1019 844 1067; x_wconf 84' lang='lat' dir='ltr'>conspuet</span> <span class='ocrx_word' id='word_1_114' title='bbox 865 1011 1007 1067; x_wconf 91' lang='lat' dir='ltr'>Alpes.</span> 
     </span>
     <span class='ocr_line' id='line_1_17' title="bbox 31 1065 1200 1125; baseline -0.001 -14"><span class='ocrx_word' id='word_1_115' title='bbox 31 1065 182 1111; x_wconf 78' lang='lat' dir='ltr'>Nonne</span> <span class='ocrx_word' id='word_1_116' title='bbox 203 1067 315 1110; x_wconf 89' lang='lat' dir='ltr'>vides</span> <span class='ocrx_word' id='word_1_117' title='bbox 340 1068 504 1124; x_wconf 89' lang='lat' dir='ltr'>(aliquis</span> <span class='ocrx_word' id='word_1_118' title='bbox 525 1069 662 1110; x_wconf 89' lang='lat' dir='ltr'>cubito</span> <span class='ocrx_word' id='word_1_119' title='bbox 682 1077 855 1110; x_wconf 87' lang='lat' dir='ltr'>stantem</span> <span class='ocrx_word' id='word_1_120' title='bbox 879 1083 1005 1125; x_wconf 86' lang='lat' dir='ltr'>prope</span> <span class='ocrx_word' id='word_1_121' title='bbox 1027 1078 1200 1125; x_wconf 81' lang='lat' dir='ltr'>tangens</span> 
     </span>
     <span class='ocr_line' id='line_1_18' title="bbox 28 1122 1132 1182; baseline 0.002 -16"><span class='ocrx_word' id='word_1_122' title='bbox 28 1122 234 1181; x_wconf 71' lang='lat' dir='ltr'>Inquiet)‚</span> <span class='ocrx_word' id='word_1_123' title='bbox 259 1134 303 1167; x_wconf 92' lang='lat' dir='ltr'>ut</span> <span class='ocrx_word' id='word_1_124' title='bbox 323 1127 483 1182; x_wconf 89' lang='lat' dir='ltr'>patiens</span> <span class='ocrx_word' id='word_1_125' title='bbox 503 1126 512 1168; x_wconf 89' lang='lat'>!</span> <span class='ocrx_word' id='word_1_126' title='bbox 546 1136 590 1167; x_wconf 93' lang='lat' dir='ltr'>ut</span> <span class='ocrx_word' id='word_1_127' title='bbox 610 1127 750 1168; x_wconf 89' lang='lat' dir='ltr'>amicis</span> <span class='ocrx_word' id='word_1_128' title='bbox 770 1136 889 1182; x_wconf 89' lang='lat' dir='ltr'>aptus</span> <span class='ocrx_word' id='word_1_129' title='bbox 908 1126 916 1170; x_wconf 93' lang='lat'>!</span> <span class='ocrx_word' id='word_1_130' title='bbox 951 1136 995 1169; x_wconf 90' lang='lat' dir='ltr'>ut</span> <span class='ocrx_word' id='word_1_131' title='bbox 1014 1126 1132 1169; x_wconf 88' lang='lat' dir='ltr'>acer!</span> 
     </span>
     <span class='ocr_line' id='line_1_19' title="bbox 33 1180 1040 1234; baseline 0.001 -9"><span class='ocrx_word' id='word_1_132' title='bbox 33 1180 178 1225; x_wconf 87' lang='lat' dir='ltr'>Plures</span> <span class='ocrx_word' id='word_1_133' title='bbox 197 1183 407 1226; x_wconf 84' lang='lat' dir='ltr'>adnabunt</span> <span class='ocrx_word' id='word_1_134' title='bbox 427 1184 588 1234; x_wconf 83' lang='lat' dir='ltr'>thunni‚</span> <span class='ocrx_word' id='word_1_135' title='bbox 612 1193 654 1226; x_wconf 90' lang='lat' dir='ltr'>et</span> <span class='ocrx_word' id='word_1_136' title='bbox 674 1185 823 1226; x_wconf 88' lang='lat' dir='ltr'>cetaria</span> <span class='ocrx_word' id='word_1_137' title='bbox 843 1194 1040 1227; x_wconf 87' lang='lat' dir='ltr'>crescent.</span> 
     </span>
    </p>
   </div>
   <div class='ocr_carea' id='block_1_3' title="bbox 34 1229 1353 1297">
    <p class='ocr_par' dir='ltr' id='par_1_4' title="bbox 34 1229 1353 1297">
     <span class='ocr_line' id='line_1_20' title="bbox 34 1229 1353 1297; baseline 0.002 -15"><span class='ocrx_word' id='word_1_138' title='bbox 34 1239 80 1283; x_wconf 87' lang='lat' dir='ltr'>Si</span> <span class='ocrx_word' id='word_1_139' title='bbox 99 1241 166 1282; x_wconf 83' lang='lat' dir='ltr'>cui</span> <span class='ocrx_word' id='word_1_140' title='bbox 186 1250 383 1297; x_wconf 84' lang='lat' dir='ltr'>praeterea</span> <span class='ocrx_word' id='word_1_141' title='bbox 403 1242 560 1283; x_wconf 86' lang='lat' dir='ltr'>validus</span> <span class='ocrx_word' id='word_1_142' title='bbox 582 1242 685 1283; x_wconf 88' lang='lat' dir='ltr'>male</span> <span class='ocrx_word' id='word_1_143' title='bbox 707 1242 814 1283; x_wconf 86' lang='lat' dir='ltr'>filius</span> <span class='ocrx_word' id='word_1_144' title='bbox 834 1242 875 1283; x_wconf 91' lang='lat' dir='ltr'>in</span> <span class='ocrx_word' id='word_1_145' title='bbox 897 1258 941 1283; x_wconf 89' lang='lat' dir='ltr'>re</span> <span class='ocrx_word' id='word_1_146' title='bbox 1227 1245 1282 1284; x_wconf 87' lang='lat'>45</span> <span class='ocrx_word' id='word_1_147' title='bbox 1342 1229 1353 1236; x_wconf 40' lang='lat'>&gt;.</span> 
     </span>
    </p>
   </div>
   <div class='ocr_carea' id='block_1_4' title="bbox 15 1297 1284 2392">
    <p class='ocr_par' dir='ltr' id='par_1_5' title="bbox 34 1297 957 1349">
     <span class='ocr_line' id='line_1_21' title="bbox 34 1297 957 1349; baseline 0 -9"><span class='ocrx_word' id='word_1_148' title='bbox 34 1297 233 1340; x_wconf 63' lang='lat' dir='ltr'>Praeclara</span> <span class='ocrx_word' id='word_1_149' title='bbox 254 1299 436 1341; x_wconf 89' lang='lat' dir='ltr'>sublatus</span> <span class='ocrx_word' id='word_1_150' title='bbox 455 1299 598 1349; x_wconf 85' lang='lat' dir='ltr'>aletur,</span> <span class='ocrx_word' id='word_1_151' title='bbox 622 1315 674 1340; x_wconf 91' lang='lat' dir='ltr'>ne</span> <span class='ocrx_word' id='word_1_152' title='bbox 695 1299 957 1341; x_wconf 84' lang='lat' dir='ltr'>manifestum</span> 
     </span>
    </p>

    <p class='ocr_par' dir='ltr' id='par_1_6' title="bbox 33 1355 1054 1413">
     <span class='ocr_line' id='line_1_22' title="bbox 33 1355 1054 1413; baseline 0.001 -16"><span class='ocrx_word' id='word_1_153' title='bbox 33 1355 200 1398; x_wconf 87' lang='lat' dir='ltr'>Caelibis</span> <span class='ocrx_word' id='word_1_154' title='bbox 220 1356 460 1412; x_wconf 84' lang='lat' dir='ltr'>obsequium</span> <span class='ocrx_word' id='word_1_155' title='bbox 483 1359 612 1398; x_wconf 87' lang='lat' dir='ltr'>nudet</span> <span class='ocrx_word' id='word_1_156' title='bbox 633 1367 685 1407; x_wconf 90' lang='lat' dir='ltr'>te,</span> <span class='ocrx_word' id='word_1_157' title='bbox 710 1357 857 1399; x_wconf 87' lang='lat' dir='ltr'>leniter</span> <span class='ocrx_word' id='word_1_158' title='bbox 878 1358 917 1398; x_wconf 91' lang='lat' dir='ltr'>in</span> <span class='ocrx_word' id='word_1_159' title='bbox 940 1373 1054 1413; x_wconf 89' lang='lat' dir='ltr'>spem</span> 
     </span>
    </p>

    <p class='ocr_par' dir='ltr' id='par_1_7' title="bbox 29 1414 983 1470">
     <span class='ocr_line' id='line_1_23' title="bbox 29 1414 983 1470; baseline 0.002 -16"><span class='ocrx_word' id='word_1_160' title='bbox 29 1414 199 1470; x_wconf 78' lang='lat' dir='ltr'>Adrepe</span> <span class='ocrx_word' id='word_1_161' title='bbox 221 1414 434 1464; x_wconf 81' lang='lat' dir='ltr'>officiosus,</span> <span class='ocrx_word' id='word_1_162' title='bbox 458 1423 503 1455; x_wconf 91' lang='lat' dir='ltr'>ut</span> <span class='ocrx_word' id='word_1_163' title='bbox 523 1424 565 1456; x_wconf 92' lang='lat' dir='ltr'>et</span> <span class='ocrx_word' id='word_1_164' title='bbox 583 1415 759 1456; x_wconf 85' lang='lat' dir='ltr'>scribare</span> <span class='ocrx_word' id='word_1_165' title='bbox 780 1415 983 1456; x_wconf 87' lang='lat' dir='ltr'>secundus</span> 
     </span>
    </p>

    <p class='ocr_par' dir='ltr' id='par_1_8' title="bbox 32 1469 1065 1529">
     <span class='ocr_line' id='line_1_24' title="bbox 32 1469 1065 1529; baseline 0.002 -17"><span class='ocrx_word' id='word_1_166' title='bbox 32 1469 190 1522; x_wconf 84' lang='lat' dir='ltr'>Haeres,</span> <span class='ocrx_word' id='word_1_167' title='bbox 214 1481 268 1522; x_wconf 87' lang='lat' dir='ltr'>et,</span> <span class='ocrx_word' id='word_1_168' title='bbox 290 1472 323 1513; x_wconf 89' lang='lat' dir='ltr'>si</span> <span class='ocrx_word' id='word_1_169' title='bbox 345 1473 437 1527; x_wconf 91' lang='lat' dir='ltr'>quis</span> <span class='ocrx_word' id='word_1_170' title='bbox 458 1487 572 1513; x_wconf 81' lang='lat' dir='ltr'>casus</span> <span class='ocrx_word' id='word_1_171' title='bbox 594 1487 765 1527; x_wconf 89' lang='lat' dir='ltr'>puerum</span> <span class='ocrx_word' id='word_1_172' title='bbox 787 1473 920 1529; x_wconf 84' lang='lat' dir='ltr'>egerit</span> <span class='ocrx_word' id='word_1_173' title='bbox 941 1473 1065 1523; x_wconf 87' lang='lat' dir='ltr'>Orco,</span> 
     </span>
    </p>

    <p class='ocr_par' dir='ltr' id='par_1_9' title="bbox 31 1526 1284 1586">
     <span class='ocr_line' id='line_1_25' title="bbox 31 1526 1284 1586; baseline 0.002 -16"><span class='ocrx_word' id='word_1_174' title='bbox 31 1526 82 1579; x_wconf 58' lang='lat' dir='ltr'>{n</span> <span class='ocrx_word' id='word_1_175' title='bbox 104 1544 274 1571; x_wconf 89' lang='lat' dir='ltr'>vacuum</span> <span class='ocrx_word' id='word_1_176' title='bbox 297 1530 460 1571; x_wconf 80' lang='lat' dir='ltr'>venias:</span> <span class='ocrx_word' id='word_1_177' title='bbox 493 1545 656 1586; x_wconf 89' lang='lat' dir='ltr'>perraro</span> <span class='ocrx_word' id='word_1_178' title='bbox 678 1530 764 1572; x_wconf 85' lang='lat' dir='ltr'>haec</span> <span class='ocrx_word' id='word_1_179' title='bbox 783 1530 872 1571; x_wconf 88' lang='lat' dir='ltr'>alea</span> <span class='ocrx_word' id='word_1_180' title='bbox 893 1530 1008 1572; x_wconf 88' lang='lat' dir='ltr'>fallit.</span> <span class='ocrx_word' id='word_1_181' title='bbox 1230 1535 1284 1572; x_wconf 93' lang='lat'>50</span> 
     </span>
    </p>

    <p class='ocr_par' dir='ltr' id='par_1_10' title="bbox 15 1583 1117 1645">
     <span class='ocr_line' id='line_1_26' title="bbox 15 1583 1117 1645; baseline 0.002 -17"><span class='ocrx_word' id='word_1_182' title='bbox 15 1583 119 1635; x_wconf 56' lang='lat' dir='ltr'>‘Qui</span> <span class='ocrx_word' id='word_1_183' title='bbox 139 1594 427 1628; x_wconf 84' lang='lat' dir='ltr'>testamentum</span> <span class='ocrx_word' id='word_1_184' title='bbox 449 1587 581 1629; x_wconf 82' lang='lat' dir='ltr'>tradet</span> <span class='ocrx_word' id='word_1_185' title='bbox 602 1588 675 1628; x_wconf 82' lang='lat' dir='ltr'>tibi</span> <span class='ocrx_word' id='word_1_186' title='bbox 698 1603 861 1643; x_wconf 90' lang='lat' dir='ltr'>cunque</span> <span class='ocrx_word' id='word_1_187' title='bbox 884 1588 1117 1645; x_wconf 86' lang='lat' dir='ltr'>legendum,</span> 
     </span>
    </p>

    <p class='ocr_par' dir='ltr' id='par_1_11' title="bbox 32 1642 1070 1694">
     <span class='ocr_line' id='line_1_27' title="bbox 32 1642 1070 1694; baseline 0.003 -10"><span class='ocrx_word' id='word_1_188' title='bbox 32 1642 242 1694; x_wconf 89' lang='lat' dir='ltr'>Abnuere,</span> <span class='ocrx_word' id='word_1_189' title='bbox 265 1653 307 1687; x_wconf 90' lang='lat' dir='ltr'>et</span> <span class='ocrx_word' id='word_1_190' title='bbox 327 1645 483 1687; x_wconf 89' lang='lat' dir='ltr'>tabulas</span> <span class='ocrx_word' id='word_1_191' title='bbox 503 1660 526 1686; x_wconf 84' lang='lat' dir='ltr'>a</span> <span class='ocrx_word' id='word_1_192' title='bbox 547 1655 587 1686; x_wconf 91' lang='lat' dir='ltr'>te</span> <span class='ocrx_word' id='word_1_193' title='bbox 609 1661 819 1686; x_wconf 89' lang='lat' dir='ltr'>removere</span> <span class='ocrx_word' id='word_1_194' title='bbox 841 1655 1070 1688; x_wconf 86' lang='lat' dir='ltr'>memento:</span> 
     </span>
    </p>

    <p class='ocr_par' dir='ltr' id='par_1_12' title="bbox 33 1699 1104 1759">
     <span class='ocr_line' id='line_1_28' title="bbox 33 1699 1104 1759; baseline 0.002 -16"><span class='ocrx_word' id='word_1_195' title='bbox 33 1699 103 1743; x_wconf 86' lang='lat' dir='ltr'>Sic</span> <span class='ocrx_word' id='word_1_196' title='bbox 123 1710 271 1752; x_wconf 88' lang='lat' dir='ltr'>tamen,</span> <span class='ocrx_word' id='word_1_197' title='bbox 295 1711 340 1744; x_wconf 87' lang='lat' dir='ltr'>ut</span> <span class='ocrx_word' id='word_1_198' title='bbox 362 1703 466 1744; x_wconf 84' lang='lat' dir='ltr'>limis</span> <span class='ocrx_word' id='word_1_199' title='bbox 488 1703 631 1759; x_wconf 84' lang='lat' dir='ltr'>rapias,</span> <span class='ocrx_word' id='word_1_200' title='bbox 655 1703 752 1758; x_wconf 92' lang='lat' dir='ltr'>quid</span> <span class='ocrx_word' id='word_1_201' title='bbox 775 1703 904 1759; x_wconf 88' lang='lat' dir='ltr'>prima</span> <span class='ocrx_word' id='word_1_202' title='bbox 925 1703 1104 1745; x_wconf 91' lang='lat' dir='ltr'>secundo</span> 
     </span>
    </p>

    <p class='ocr_par' dir='ltr' id='par_1_13' title="bbox 31 1757 1004 1814">
     <span class='ocr_line' id='line_1_29' title="bbox 31 1757 1004 1814; baseline 0 -12"><span class='ocrx_word' id='word_1_203' title='bbox 31 1757 142 1802; x_wconf 82' lang='lat' dir='ltr'>Cera</span> <span class='ocrx_word' id='word_1_204' title='bbox 161 1759 260 1801; x_wconf 89' lang='lat' dir='ltr'>velit</span> <span class='ocrx_word' id='word_1_205' title='bbox 279 1775 421 1809; x_wconf 81' lang='lat' dir='ltr'>versu3</span> <span class='ocrx_word' id='word_1_206' title='bbox 452 1761 574 1811; x_wconf 87' lang='lat' dir='ltr'>solus,</span> <span class='ocrx_word' id='word_1_207' title='bbox 598 1761 790 1802; x_wconf 87' lang='lat' dir='ltr'>multisne</span> <span class='ocrx_word' id='word_1_208' title='bbox 811 1761 1004 1814; x_wconf 86' lang='lat' dir='ltr'>cohaeres,</span> 
     </span>
    </p>

    <p class='ocr_par' dir='ltr' id='par_1_14' title="bbox 33 1814 1284 1874">
     <span class='ocr_line' id='line_1_30' title="bbox 33 1814 1284 1874; baseline 0.003 -17"><span class='ocrx_word' id='word_1_209' title='bbox 33 1814 176 1858; x_wconf 89' lang='lat' dir='ltr'>Veloci</span> <span class='ocrx_word' id='word_1_210' title='bbox 200 1832 388 1873; x_wconf 85' lang='lat' dir='ltr'>percurre</span> <span class='ocrx_word' id='word_1_211' title='bbox 409 1818 539 1859; x_wconf 90' lang='lat' dir='ltr'>oculo.</span> <span class='ocrx_word' id='word_1_212' title='bbox 604 1818 853 1874; x_wconf 83' lang='lat' dir='ltr'>Plerumque</span> <span class='ocrx_word' id='word_1_213' title='bbox 874 1830 1059 1861; x_wconf 88' lang='lat' dir='ltr'>recoctus</span> <span class='ocrx_word' id='word_1_214' title='bbox 1230 1822 1284 1861; x_wconf 89' lang='lat'>55</span> 
     </span>
    </p>

    <p class='ocr_par' dir='ltr' id='par_1_15' title="bbox 34 1873 1132 1931">
     <span class='ocr_line' id='line_1_31' title="bbox 34 1873 1132 1931; baseline 0.004 -17"><span class='ocrx_word' id='word_1_215' title='bbox 34 1873 177 1916; x_wconf 81' lang='lat' dir='ltr'>Scriba</span> <span class='ocrx_word' id='word_1_216' title='bbox 197 1890 248 1916; x_wconf 86' lang='lat' dir='ltr'>ex</span> <span class='ocrx_word' id='word_1_217' title='bbox 269 1875 542 1931; x_wconf 86' lang='lat' dir='ltr'>quinqueviro</span> <span class='ocrx_word' id='word_1_218' title='bbox 563 1891 727 1917; x_wconf 86' lang='lat' dir='ltr'>corvum</span> <span class='ocrx_word' id='word_1_219' title='bbox 750 1876 918 1918; x_wconf 88' lang='lat' dir='ltr'>deludet</span> <span class='ocrx_word' id='word_1_220' title='bbox 938 1876 1132 1927; x_wconf 90' lang='lat' dir='ltr'>hiantem,</span> 
     </span>
    </p>

    <p class='ocr_par' dir='ltr' id='par_1_16' title="bbox 34 1929 936 1988">
     <span class='ocr_line' id='line_1_32' title="bbox 34 1929 936 1988; baseline 0.002 -15"><span class='ocrx_word' id='word_1_221' title='bbox 34 1929 313 1988; x_wconf 79' lang='lat' dir='ltr'>Captatorque</span> <span class='ocrx_word' id='word_1_222' title='bbox 333 1933 446 1974; x_wconf 90' lang='lat' dir='ltr'>dabit</span> <span class='ocrx_word' id='word_1_223' title='bbox 466 1933 567 1975; x_wconf 90' lang='lat' dir='ltr'>risus</span> <span class='ocrx_word' id='word_1_224' title='bbox 590 1933 740 1975; x_wconf 87' lang='lat' dir='ltr'>Nasica</span> <span class='ocrx_word' id='word_1_225' title='bbox 762 1934 936 1975; x_wconf 89' lang='lat' dir='ltr'>Corano.</span> 
     </span>
    </p>

    <p class='ocr_par' dir='ltr' id='par_1_17' title="bbox 32 1984 1238 2045">
     <span class='ocr_line' id='line_1_33' title="bbox 32 1984 1238 2045; baseline 0.002 -15"><span class='ocrx_word' id='word_1_226' title='bbox 32 1984 146 2039; x_wconf 66' lang='lat' dir='ltr'>Num</span> <span class='ocrx_word' id='word_1_227' title='bbox 167 1990 266 2031; x_wconf 91' lang='lat' dir='ltr'>furis</span> <span class='ocrx_word' id='word_1_228' title='bbox 280 1989 300 2030; x_wconf 77' lang='lat' dir='ltr'>P</span> <span class='ocrx_word' id='word_1_229' title='bbox 328 2005 379 2031; x_wconf 91' lang='lat' dir='ltr'>an</span> <span class='ocrx_word' id='word_1_230' title='bbox 402 1991 580 2045; x_wconf 87' lang='lat' dir='ltr'>prudens</span> <span class='ocrx_word' id='word_1_231' title='bbox 601 1991 705 2033; x_wconf 87' lang='lat' dir='ltr'>ludis</span> <span class='ocrx_word' id='word_1_232' title='bbox 727 2007 805 2041; x_wconf 88' lang='lat' dir='ltr'>me,</span> <span class='ocrx_word' id='word_1_233' title='bbox 828 1993 999 2034; x_wconf 88' lang='lat' dir='ltr'>obscura</span> <span class='ocrx_word' id='word_1_234' title='bbox 1019 1990 1238 2034; x_wconf 83' lang='lat' dir='ltr'>canendo?</span> 
     </span>
    </p>

    <p class='ocr_par' dir='ltr' id='par_1_18' title="bbox 33 2043 1116 2104">
     <span class='ocr_line' id='line_1_34' title="bbox 33 2043 1116 2104; baseline 0.001 -16"><span class='ocrx_word' id='word_1_235' title='bbox 33 2043 77 2099; x_wconf 72' lang='grc' dir='ltr'>Ο</span> <span class='ocrx_word' id='word_1_236' title='bbox 97 2046 328 2097; x_wconf 84' lang='lat' dir='ltr'>Laertiade,</span> <span class='ocrx_word' id='word_1_237' title='bbox 353 2048 547 2104; x_wconf 91' lang='lat' dir='ltr'>quicquid</span> <span class='ocrx_word' id='word_1_238' title='bbox 567 2049 711 2098; x_wconf 87' lang='lat' dir='ltr'>dicam,</span> <span class='ocrx_word' id='word_1_239' title='bbox 734 2060 804 2091; x_wconf 89' lang='lat' dir='ltr'>aut</span> <span class='ocrx_word' id='word_1_240' title='bbox 825 2050 902 2092; x_wconf 91' lang='lat' dir='ltr'>erit</span> <span class='ocrx_word' id='word_1_241' title='bbox 921 2059 992 2091; x_wconf 87' lang='lat' dir='ltr'>aut</span> <span class='ocrx_word' id='word_1_242' title='bbox 1011 2065 1116 2090; x_wconf 90' lang='lat' dir='ltr'>non:</span> 
     </span>
    </p>

    <p class='ocr_par' dir='ltr' id='par_1_19' title="bbox 32 2100 1284 2392">
     <span class='ocr_line' id='line_1_35' title="bbox 32 2100 1284 2163; baseline 0.002 -18"><span class='ocrx_word' id='word_1_243' title='bbox 32 2100 233 2158; x_wconf 54' lang='lat' dir='ltr'>fflivinare</span> <span class='ocrx_word' id='word_1_244' title='bbox 255 2106 406 2147; x_wconf 89' lang='lat' dir='ltr'>etenim</span> <span class='ocrx_word' id='word_1_245' title='bbox 430 2121 601 2162; x_wconf 87' lang='lat' dir='ltr'>magnus</span> <span class='ocrx_word' id='word_1_246' title='bbox 622 2107 718 2147; x_wconf 89' lang='lat' dir='ltr'>mihi</span> <span class='ocrx_word' id='word_1_247' title='bbox 740 2107 864 2149; x_wconf 88' lang='lat' dir='ltr'>donat</span> <span class='ocrx_word' id='word_1_248' title='bbox 886 2107 1050 2163; x_wconf 88' lang='lat' dir='ltr'>Apollo.</span> <span class='ocrx_word' id='word_1_249' title='bbox 1229 2110 1284 2148; x_wconf 89' lang='grc'>60</span> 
     </span>
     <span class='ocr_line' id='line_1_36' title="bbox 81 2161 1088 2214; baseline 0.003 -11"><span class='ocrx_word' id='word_1_250' title='bbox 81 2161 147 2204; x_wconf 86' lang='lat' dir='ltr'>uid</span> <span class='ocrx_word' id='word_1_251' title='bbox 169 2171 304 2204; x_wconf 87' lang='lat' dir='ltr'>tamen</span> <span class='ocrx_word' id='word_1_252' title='bbox 327 2162 403 2204; x_wconf 83' lang='lat' dir='ltr'>ista</span> <span class='ocrx_word' id='word_1_253' title='bbox 423 2163 523 2204; x_wconf 89' lang='lat' dir='ltr'>velit</span> <span class='ocrx_word' id='word_1_254' title='bbox 542 2163 618 2204; x_wconf 87' lang='lat' dir='ltr'>sibi</span> <span class='ocrx_word' id='word_1_255' title='bbox 640 2164 789 2214; x_wconf 87' lang='lat' dir='ltr'>fabula,</span> <span class='ocrx_word' id='word_1_256' title='bbox 812 2166 844 2206; x_wconf 87' lang='lat' dir='ltr'>si</span> <span class='ocrx_word' id='word_1_257' title='bbox 867 2165 975 2214; x_wconf 89' lang='lat' dir='ltr'>licet,</span> <span class='ocrx_word' id='word_1_258' title='bbox 999 2164 1088 2206; x_wconf 85' lang='lat' dir='ltr'>ede.</span> 
     </span>
     <span class='ocr_line' id='line_1_37' title="bbox 75 2220 1161 2276; baseline 0.004 -16"><span class='ocrx_word' id='word_1_259' title='bbox 75 2233 254 2275; x_wconf 86' lang='lat' dir='ltr'>empore,</span> <span class='ocrx_word' id='word_1_260' title='bbox 278 2236 361 2276; x_wconf 90' lang='lat' dir='ltr'>quo</span> <span class='ocrx_word' id='word_1_261' title='bbox 374 2221 541 2276; x_wconf 89' lang='lat' dir='ltr'>juvenis</span> <span class='ocrx_word' id='word_1_262' title='bbox 566 2220 726 2262; x_wconf 85' lang='lat' dir='ltr'>Parthis</span> <span class='ocrx_word' id='word_1_263' title='bbox 746 2222 985 2272; x_wconf 89' lang='lat' dir='ltr'>horrendus,</span> <span class='ocrx_word' id='word_1_264' title='bbox 1007 2222 1058 2263; x_wconf 87' lang='lat' dir='ltr'>ab</span> <span class='ocrx_word' id='word_1_265' title='bbox 1078 2221 1161 2264; x_wconf 90' lang='lat' dir='ltr'>alto</span> 
     </span>
     <span class='ocr_line' id='line_1_38' title="bbox 66 2277 975 2335; baseline 0.002 -17"><span class='ocrx_word' id='word_1_266' title='bbox 66 2277 268 2327; x_wconf 13' lang='lat' dir='ltr'>*emissum</span> <span class='ocrx_word' id='word_1_267' title='bbox 290 2294 423 2335; x_wconf 85' lang='lat' dir='ltr'>genus</span> <span class='ocrx_word' id='word_1_268' title='bbox 446 2278 601 2328; x_wconf 68' lang='lat' dir='ltr'>AEnea,</span> <span class='ocrx_word' id='word_1_269' title='bbox 624 2279 770 2320; x_wconf 89' lang='lat' dir='ltr'>tellure</span> <span class='ocrx_word' id='word_1_270' title='bbox 792 2281 975 2335; x_wconf 90' lang='lat' dir='ltr'>marique</span> 
     </span>
     <span class='ocr_line' id='line_1_39' title="bbox 87 2336 966 2392; baseline 0.002 -15"><span class='ocrx_word' id='word_1_271' title='bbox 87 2348 218 2391; x_wconf 83' lang='lat' dir='ltr'>agnus</span> <span class='ocrx_word' id='word_1_272' title='bbox 238 2336 328 2386; x_wconf 89' lang='lat' dir='ltr'>erit,</span> <span class='ocrx_word' id='word_1_273' title='bbox 350 2336 445 2378; x_wconf 90' lang='lat' dir='ltr'>forti</span> <span class='ocrx_word' id='word_1_274' title='bbox 466 2336 595 2378; x_wconf 89' lang='lat' dir='ltr'>nubet</span> <span class='ocrx_word' id='word_1_275' title='bbox 614 2351 781 2392; x_wconf 88' lang='lat' dir='ltr'>procera</span> <span class='ocrx_word' id='word_1_276' title='bbox 803 2337 966 2379; x_wconf 88' lang='lat' dir='ltr'>Corano</span> 
     </span>
    </p>
   </div>
   <div class='ocr_carea' id='block_1_5' title="bbox 28 2444 47 2471">
    <p class='ocr_par' dir='ltr' id='par_1_20' title="bbox 28 2444 47 2471">
     <span class='ocr_line' id='line_1_40' title="bbox 28 2444 47 2471; baseline 0.053 -1"><span class='ocrx_word' id='word_1_277' title='bbox 28 2444 47 2471; x_wconf 55' lang='grc' dir='ltr'>,ἱ</span> 
     </span>
    </p>
   </div>
  </div>
 </body>
</html>
