1390 2586
141 84 224 126 204
568 84 929 115 lNTERPRE‘rATlo.
1233 82 1352 126 [amn.

144 185 212 215 Jam
228 184 295 222 quis
305 184 385 214 inter
400 189 444 213 tot
458 183 512 212 hos
527 183 602 212 fines
616 187 746 221 praestet,
760 182 900 221 equidem
912 192 971 212 non
987 182 1107 219 definio,
1122 183 1175 213 sed
1189 183 1245 214 hoc
1260 194 1354 215 unum

143 228 302 261 contendo,
327 232 443 256 certum
466 227 596 263 aliquem
619 226 720 260 finem,
747 235 837 263 quem
858 225 994 263 impensa
1016 226 1108 263 opera
1129 235 1352 264 persequamur,

142 270 314 307 eligendum
330 278 404 303 esse,
421 278 469 303 ne,
493 269 564 298 dum
582 268 670 296 modo
686 267 742 303 hic,
759 267 848 296 modo
869 267 919 296 ille
934 268 1044 296 mentis
1059 268 1152 297 oculis
1167 270 1351 305 observatur,

143 313 224 341 velut
251 311 318 340 caeci
343 320 477 340 erremus
501 320 598 348 neque
622 310 660 338 ad
687 310 782 338 ullum
813 319 944 346 unquam
970 310 1186 347 perveniamus.
1241 311 1355 341 Electio

144 360 244 383 autem
262 354 313 382 illa
335 363 382 382 res
407 358 451 381 est
475 352 644 390 tranquillae
660 351 862 381 meditationis
882 361 916 380 ac
930 351 1010 380 firmi
1032 352 1248 391 propositi.’-
1261 350 1356 392 [latua

143 401 195 426 aut
209 394 307 434 renes]
332 394 496 434 πλευρῖτις
511 394 563 423 καὶ
580 393 725 434 νεφρῖτις.
761 394 844 422 idem
860 392 1022 423 versiculus
1036 399 1082 423 est
1096 395 1156 423 Sat.
1173 395 1202 430 2,
1219 395 1249 431 3,
1267 395 1334 426 163.
1353 410 1357 415 ·

186 438 318 468 30—32.
343 435 640 476 [omissis—deliciis]
663 436 707 476 μὴ
730 433 885 476 θρύπτου.
909 436 1175 466 ‘Renuntiandum
1192 442 1237 466 est
1251 437 1358 475 volup-

145 482 256 510 tatibus
273 481 440 517 harumque
455 479 604 508 desiderio
619 479 754 513 occulto;
777 488 831 507 nec
848 487 981 516 unquam
997 479 1234 513 lamentandum,
1250 479 1356 509 duram

144 523 265 552 vivendi
281 522 426 551 rationem
449 532 467 551 a
489 527 517 550 te
541 522 665 550 electam
689 521 901 558 esse.'——-[Hoc
925 518 997 559 age]
1021 520 1093 549 ‘uni
1115 521 1218 550 virtuli
1241 521 1358 551 fortiter

145 565 252 595 stude.'
286 565 361 593 Vide
383 565 422 593 ad
447 565 507 593 Sat.
530 564 558 599 2,
582 563 610 597 3,
633 560 912 602 54.——[Virtutem]
937 563 1071 594 ‘Quodsi
1092 569 1205 599 contra,
1230 573 1297 601 quae
1320 564 1358 593 de

144 608 255 637 virtute
270 607 462 645 disputantur
476 616 493 635 a
510 605 625 640 Stoicis,
641 605 743 634 inania
758 606 847 633 verba
861 612 958 642 putas,
977 610 1010 634 ut
1024 606 1158 634 lucorum
1181 606 1358 643 religionem

144 650 231 679 multi
247 655 454 683 contemnunt,
470 658 579 686 eosque
596 647 670 676 nihil
694 647 750 676 nisi
774 649 892 675 arbores
915 653 1023 685 putant
1046 657 1104 676 non
1128 647 1246 676 numini
1269 647 1362 677 alicui*

145 698 285 727 sacratas,
302 692 355 720 sed
370 691 526 720 hominurn
543 689 609 718 usui
625 689 797 724 destinatas,
814 689 884 718 huic
899 699 1002 718 rursus
1017 689 1123 718 rationi
1146 689 1362 720 convenienter

144 736 233 768 vive:
271 744 342 771 ergo
371 743 471 771 quaere
500 733 553 761 tibi
583 742 653 770 opes
687 732 887 766 negotiatione
917 737 947 760 et
976 731 1220 760 mercatura.’—-
1237 729 1339 770 [verba

147 777 263 806 Ultima
279 777 364 805 Bruti
381 785 437 804 vox
459 775 539 813 apud
556 775 693 809 Dionem,
710 773 760 811 47,
775 774 823 808 49,
846 771 886 802 Ὦ
908 771 1044 812 τλῆμον,
1058 771 1167 812 ἀρετὴ,
1190 771 1289 814 λόγος
1309 772 1349 814 dp

147 817 227 856 ἧσθ’·
251 816 311 859 ἐγὼ
332 815 362 847 δέ
385 827 418 846 σε
435 814 491 853 Ὠς
510 815 606 856 ἔργον
621 815 754 853 ἤσκουν·
770 814 808 845 σὺ
824 812 850 844 δ’
865 812 1029 852 ἐδούλευες
1050 815 1195 855 τύχῃ-
1208 813 1358 856 [occupet]

143 872 293 900 occupare,
319 859 464 901 φθάνειν,
489 869 715 898 praeoccupare3
749 859 805 887 Od.
830 858 858 894 2,
886 858 1004 894 1228.
1036 858 1100 887 Liv.
1127 858 1153 894 l,
1181 857 1229 895 14,
1255 859 1358 888 bellum

135 903 240 944 facere
255 907 403 941 occupant.

187 947 319 976 33-35.
345 943 410 984 [Ne
436 941 624 983 Cibyratica]
657 943 770 972 ‘Simul
795 951 829 971 ac
852 951 933 972 mare
959 948 1096 980 apertum
1119 948 1163 971 est
1186 942 1259 971 alios
1281 951 1359 980 prae.-

146 990 271 1018 veniens
302 989 410 1025 naviga
437 987 580 1025 Cibyram
605 995 745 1023 magnam
773 983 891 1022 (urbem
921 984 1061 1022 Phrygiae
1087 994 1215 1022 magnoe,
1239 990 1361 1023 propter

144 1031 326 1061 ferramenta
349 1027 554 1067 celebratam),
578 1033 668 1065 atque
683 1027 714 1056 in
728 1026 914 1064 Bithyniam,
925 1036 984 1064 quo
996 1033 1066 1055 ante
1081 1027 1204 1055 aemulos
1218 1027 1363 1065 appulsu·

145 1074 274 1112 optimas
289 1082 423 1111 quasque
438 1081 551 1100 merces
566 1070 661 1109 pretio
676 1079 765 1108 quam
780 1069 905 1098 minimo
926 1078 1053 1098 coemas.
1096 1069 1176 1098 Illud
1197 1078 1267 1098 vero
1291 1073 1362 1098 ante

147 1116 250 1146 omnia
271 1115 325 1144 tibi
350 1114 535 1154 propositum
559 1113 607 1147 sit,
631 1117 665 1141 ut
689 1112 770 1140 mille
793 1111 915 1146 talenta,
938 1112 990 1140 &c.
1013 1111 1168 1148 acquiras!
1183 1126 1226 1131 ——
1242 1108 1374 1150 [rotun-'

146 1156 268 1196 dentur]
303 1155 550 1195 ‘compleantur-2
594 1155 691 1183 Omne
721 1154 802 1182 enim
833 1153 913 1191 quod
939 1153 1102 1182 rotundum
1131 1158 1186 1188 est,
1213 1154 1250 1182 ab
1279 1153 1367 1183 omni

146 1207 230 1239 parte
246 1207 290 1230 est
304 1199 478 1238 perfectum.
493 1214 535 1218 —
551 1194 741 1236 [succedant]
766 1197 773 1211 ⁸
783 1196 821 1224 ad
836 1196 895 1224 duo
916 1195 1014 1233 priora
1029 1195 1184 1233 paullatim
1198 1195 1362 1224 accedant!

145 1259 187 1265 —
204 1239 361 1282 [quadret]
386 1243 393 1257 ⁶
403 1239 522 1276 efficiat,
539 1246 571 1268 ut
586 1245 714 1276 quatuor
729 1238 822 1267 millia
836 1238 949 1266 talenta
962 1237 1134 1276 possideas.’

188 1285 238 1320 37,
253 1285 301 1315 38.
328 1283 446 1323 [regina
462 1280 608 1320 Pecunia]
633 1281 739 1310 eadem
762 1279 905 1316 imagine,
930 1281 991 1317 qua
1011 1280 1092 1318 apud
1114 1278 1176 1309 Cic.
1200 1279 1237 1308 de
1258 1280 1309 1308 Or.
1331 1279 1364 1317 2,

147 1327 197 1362 44,
223 1333 332 1365 poeta:
351 1327 511 1364 flexanima
542 1329 628 1363 atque
655 1324 778 1352 omnium
802 1323 906 1361 regina
928 1332 1026 1352 rerum
1053 1319 1362 1361 aratia—[Suadela]

147 1368 263 1405 Πείθω,
281 1369 382 1398 Ennio
398 1368 499 1397 Suada
515 1365 592 1405 (Cic.
618 1366 701 1395 Brut.
726 1364 789 1403 15),
812 1364 1012 1402 persuadendi
1033 1364 1098 1399 dea,
1123 1364 1251 1396 Quintil.
1269 1364 1317 1399 10,
1335 1363 1364 1398 1,

147 1409 293 1450 82.-—[V
291 1409 375 1450 enus]
400 1410 448 1438 hic
463 1418 517 1447 pro
531 1414 685 1437 venustate
700 1412 729 1436 et
743 1407 850 1444 gratia.
874 1405 953 1437 Plin.
967 1406 1017 1443 35,
1031 1405 1078 1442 10,
1095 1407 1364 1436 omnibus—deesse

147 1465 211 1485 eam
229 1455 379 1487 Venerem,
393 1463 478 1492 quam
497 1452 594 1480 Groeci
608 1447 727 1490 χάριτα
741 1453 853 1479 vocant.

188 1497 321 1528 39-44,
347 1494 568 1535 [Cappadocum
582 1490 650 1532 rex]
678 1492 747 1524 Quo
771 1497 904 1527 tempore
927 1490 990 1519 baec
1015 1490 1151 1528 Epistola
1175 1490 1285 1529 scripta
1307 1496 1364 1527 est,

147 1541 293 1578 regnabat
320 1538 443 1567 ultimus
468 1536 635 1566 Archelaus
666 1533 795 1573 (A.U.c.
822 1531 1013 1571 718-771).
1058 1533 1126 1562 Jam
1155 1533 1192 1562 de
1219 1534 1283 1571 ejus
1309 1533 1363 1562 de-

147 1591 262 1612 cessore
289 1581 490 1610 Ariobarzane
516 1577 618 1607 scribit
647 1577 751 1606 Cicero
779 1574 903 1613 (A.U.C·
928 1575 1004 1613 704)
1028 1575 1066 1603 ad
1090 1575 1151 1604 Att.
1173 1574 1203 1610 6,
1228 1574 1255 1609 l,
1278 1575 1366 1605 Nihil

148 1625 199 1654 illo
222 1634 310 1663 regno
329 1622 491 1661 spolitmus,
513 1620 588 1649 nihil
611 1628 678 1658 rege
700 1619 840 1657 egentius.
884 1617 929 1646 Ib.
946 1617 1003 1655 Ep.
1019 1616 1047 1652 3,
1063 1617 1291 1651 Ariobarzanes,
1312 1626 1365 1647 re:

144 1676 323 1705 perpauper,
337 1665 384 1693 cui
400 1663 510 1701 inopiae
523 1662 566 1691 ita
580 1671 664 1698 reges
679 1660 723 1689 illi
740 1660 948 1696 metiebantur,
968 1665 1002 1688 ut
1023 1660 1168 1697 mancipia
1183 1668 1246 1694 sua,
1262 1659 1293 1688 id
1307 1665 1364 1695 est,

150 1709 286 1738 homines
310 1708 404 1745 glebae
427 1704 600 1742 adscriptos,
615 1712 724 1732 venum
750 1699 976 1740 darent.--[Ne
991 1699 1107 1740 fueris]
1132 1701 1199 1730 ‘Tu
1222 1701 1284 1730 noli
1302 1706 1366 1731 tam

149 1760 264 1790 pauper
279 1759 342 1779 esse
356 1757 445 1786 quam
459 1746 670 1785 Cappadocum
686 1745 823 1782 regulus:
848 1753 919 1780 ergo
942 1744 1047 1781 quovis
1064 1743 1150 1772 modo
1165 1753 1227 1772 rem
1243 1753 1364 1781 quaere:

150 1800 181 1823 et
196 1793 307 1821 bellum
323 1792 414 1820 habes
429 1799 519 1828 opum
536 1788 718 1826 exemplum,
737 1787 771 1816 L.
789 1786 948 1815 Lucullum
964 1785 1049 1815 dico.’
1064 1801 1106 1806 —
1123 1782 1247 1824 [scenoe]
1271 1795 1366 1823 quum

151 1835 340 1874 splendidam
365 1833 497 1869 aliquam
520 1840 661 1869 pompam
691 1830 736 1858 vel
766 1828 952 1866 triumphum
977 1828 1007 1856 in
1033 1828 1182 1865 tragoedia
1206 1827 1367 1858 histriones

151 1878 351 1907 imitarentur.
383 1874 445 1904 Cfr.
472 1875 550 1911 Epp.
565 1874 593 1908 2,
613 1873 638 1907 1,
658 1867 954 1910 190.——[proebere]
978 1870 1206 1906 ‘commodare,'
1231 1877 1265 1898 ut
1288 1870 1365 1899 sole-

152 1922 226 1949 bant
253 1919 343 1948 etiam
373 1917 420 1951 iis,
451 1916 502 1954 qui
531 1925 656 1944 munera
684 1913 862 1951 gladiatoria
891 1913 1029 1948 edebant,
1057 1912 1145 1941 amici
1175 1912 1367 1950 suppeditare

150 1968 264 1991 statuas
279 1961 396 1998 aliaque
412 1958 482 1988 circi
497 1963 733 1987 ornamenta.—
745 1952 892 1995 [tolleret]
916 1952 1109 1995 στρατηγός,
1125 1954 1277 1983 Plutarchi
1292 1954 1365 1984 Luc.

153 2005 204 2038 39,
219 2010 338 2042 praetor,
351 2002 403 2040 qui
418 2000 620 2039 spectaculum
635 1999 752 2028 edebat.

195 2045 326 2077 49—51.
351 2043 474 2083 [species
496 2046 525 2071 et
544 2039 662 2080 gratia]
696 2040 857 2078 ‘splendor
878 2045 1020 2068 externus
1043 2036 1137 2077 (latus
1159 2038 1270 2074 clavus,
1293 2038 1368 2068 sella

152 2089 274 2126 curulis,
295 2086 402 2125 fasces)
431 2091 462 2114 et
486 2094 559 2114 aura
580 2082 751 2122 popularis.'
766 2097 808 2103 —
821 2079 963 2120 [servum]
997 2081 1259 2116 nomenclatorem,
1281 2081 1367 2119 cujus

153 2138 217 2161 erat
233 2131 364 2159 ediscere
381 2127 502 2157 nomina
517 2126 703 2163 singulorum
719 2134 810 2163 prope
826 2123 945 2159 civium,
962 2133 1031 2161 quo,
1046 2123 1070 2151 si
1086 2123 1245 2161 prensabat
1268 2123 1367 2151 domi-

154 2183 221 2208 nus,
246 2179 490 2209 unumquemque
510 2169 631 2197 nomine
653 2167 803 2206 appellare
826 2171 934 2204 posset,
957 2171 1113 2203 postquam
1130 2173 1233 2194 servus
1257 2164 1313 2193 hoc
1339 2163 1368 2195 ei

153 2217 303 2250 dictasset,
326 2215 389 2252 ejus
412 2212 476 2241 auri
498 2211 723 2240 insusurras-set.
738 2225 779 2230 —
796 2206 913 2247 [laevum
935 2205 1028 2247 latus]
1062 2207 1142 2245 quod
1164 2206 1368 2236 nomenclator

155 2259 228 2287 hero
243 2259 380 2294 tegebat;
395 2253 532 2293 fodicare
556 2259 655 2282 autem
679 2252 723 2289 (id
737 2256 791 2286 est,
807 2260 885 2288 saepe
911 2255 941 2279 et
959 2250 1068 2279 acriter
1091 2249 1201 2284 fodere,
1223 2258 1368 2286 pungere,

154 2298 306 2337 vellicare)
330 2299 466 2327 solebant
489 2296 577 2332 latus,
603 2304 663 2333 quo
687 2293 774 2332 signo
798 2297 928 2323 attentos
955 2292 1116 2321 redderent
1143 2292 1180 2320 de
1208 2290 1311 2329 aliqua
1334 2299 1367 2321 rc
