1390 2586
131 106 216 149 232
559 107 926 138 INTERPRETATIO.
1229 106 1355 148 [arnan.

173 206 349 236 214—216.
369 203 507 245 [motum]
525 203 665 243 κίνησιν,
679 204 1014 246 helmam—[vagus]
1032 206 1140 236 ‘modo
1153 207 1362 244 dextrorsum,-

132 249 222 278 modo
240 249 455 280 sinistrorsum,
479 249 602 277 chorum
619 248 864 286 praecedens.'—
876 247 1013 288 [vestem]
1040 250 1048 265 ⁴
1061 258 1163 287 syrma
1185 249 1365 287 tragicum¹3

133 291 194 321 Cfr.
213 292 288 329 Epp.
309 292 338 325 2,
357 291 383 324 l,
399 290 519 324 207.-
533 288 676 329 [fidibus]
699 291 718 306 ⁴‘
732 291 791 328 Sic,
813 291 919 320 eadem
941 291 1126 326 necessitate,
1139 291 1251 328 fidibus
1271 291 1362 330 prin(

133 335 240 363 severis
261 339 291 362 et
317 333 496 362 habentibus
518 342 640 370 gravem
663 342 768 361 sonum
792 343 906 363 crevere
925 343 1005 363 voces
1025 340 1146 371 propter
1166 333 1367 371 gravitatem,¹

134 375 206 414 quia
227 375 420 404 semitonium
444 381 488 404 est
510 375 679 410 inventum,
699 380 733 404 ut
747 380 842 404 acutae
858 384 943 404 voces
965 375 1106 414 gravibus
1125 374 1365 405 consonarent?¹

135 419 227 447 Schol.
247 418 315 446 Cod.
333 418 414 446 Illon.

177 459 352 494 217—219.
391 457 478 498 [tulit
505 456 665 497 eloquium]
696 461 703 475 ‘
717 459 785 491 Quo
822 459 1014 488 aemularetur
1047 454 1192 488 musicam
1223 457 1356 488 concita-

135 502 254 536 tiorem,
287 501 384 539 poesis
409 501 528 530 chorica
555 502 620 539 ipsa
650 510 769 539 quoque
795 501 970 530 concitatior
996 501 1075 530 sacta
1096 506 1141 530 est
1167 505 1198 530 et
1220 502 1299 535 tulit,
1323 500 1356 532 id

136 550 191 579 est,
216 544 328 573 creavit
353 544 409 572 sibi
435 549 526 581 atque
550 543 711 581 assumpsit
735 543 934 572 elocutionem
959 553 977 572 a
999 543 1113 580 vulgari
1139 542 1358 573 consuetudine

136 586 226 623 longe
250 593 407 620 remotam,
432 587 512 614 unde
537 585 686 614 difficilior
709 595 827 623 semper
848 585 1003 614 intellectu
1027 591 1059 614 et
1082 584 1188 614 similis
1213 585 1290 614 facta
1313 589 1360 615 est

137 629 337 662 oraculorum,
360 629 468 666 partim
486 627 600 656 nobiles
615 626 748 667 γνώμας
763 627 926 666 proferens,
946 627 1056 665 partim
1072 627 1157 665 quasi
1171 627 1235 665 ipse
1249 627 1358 668 chotun

138 669 232 700 futuri
247 680 360 707 gnarus
375 677 452 699 esset
468 671 582 699 occulte
597 670 779 707 significans,
803 679 892 707 quem
914 669 1015 699 fabula
1033 674 1114 698 esset
1134 669 1248 698 exitum
1273 668 1367 698 habi-1

139 718 217 748 tura,
241 713 288 741 cui
306 722 500 750 personarum
517 722 606 747 mors,
628 712 675 740 cui
693 711 818 741 victoria
833 711 892 740 fato
908 712 1058 741 destinata
1072 712 1169 741 esset.'
1180 727 1223 732 —
1235 708 1359 750 [sacun—

139 756 190 784 dia
201 753 348 794 praeceps]
375 755 422 784 Sic
438 754 528 783 etiam
546 754 652 783 Graeci.
698 754 782 783 Phot.
799 754 874 784 Cod.
891 754 941 788 81,
959 753 1078 794 τροπαὶ
1094 751 1265 792 ἁπότομοι,
1283 752 1360 792 trop!
1387 785 1389 787 ¹

139 797 323 826 audaciores.
368 797 511 828 Quinctil.
539 796 585 830 l2,
611 796 658 829 10,
683 795 733 830 73,
757 806 850 834 genus
871 797 997 829 dicendi,
1022 797 1099 835 quod
1118 796 1287 834 praecipitia
1305 805 1362 833 pro

139 840 312 869 sublimibus
340 836 686 878 habet.-[Sortilegis]
722 839 854 867 Priscum
883 847 997 867 morem
1026 838 1164 867 Italicum
1191 837 1371 875 (recordare,

143 882 344 911 Fortunarum
362 881 532 910 Antiatium
557 887 587 909 et
603 879 810 919 Praenestinae)
827 881 866 909 ad
888 880 1042 909 oraculum
1059 880 1241 918 Delphicum
1264 885 1362 908 trans-

141 924 208 954 fert.
252 922 400 963 Χρησμοὶ
415 929 516 952 autem
533 921 585 952 καὶ
609 921 763 958 ποικίλως
785 933 854 957 πως
873 921 928 952 καὶ
943 923 1048 963 σοφῶς
1062 918 1241 962 ᾔνιγμὲνοι.
1277 921 1363 951 Aris-

141 966 224 1004 toph.
243 966 300 1003 Eq.
319 965 384 995 196.

185 1008 255 1037 220.
280 1005 450 1046 [Carmine]
475 1007 530 1036 Vv.
546 1007 722 1041 220—250,
737 1015 756 1035 a
775 1006 922 1044 tragoedia
943 1006 1050 1035 transit
1068 1006 1107 1035 ad
1128 1006 1232 1035 drama
1252 1003 1363 1043 satyri-

143 1059 212 1079 cum
235 1052 359 1089 ejusque
378 1049 672 1087 leges—Sequitur
693 1054 792 1078 autem
815 1049 989 1087 opinionem
1010 1057 1210 1083 communem,
1234 1057 1272 1076 ex
1293 1047 1378 1085 qui,v

144 1101 238 1130 quum
257 1093 383 1130 Thespis
398 1092 561 1120 invenisset
576 1091 764 1129 tragoediam.
779 1100 839 1119 non
855 1091 897 1119 ita
912 1091 1006 1120 multo
1021 1096 1088 1129 post
1103 1090 1229 1127 trilogiis
1243 1089 1365 1126 tragicis

143 1135 245 1164 addita
259 1140 330 1163 sunt
343 1136 478 1163 dramata
493 1133 629 1170 satyrica.
655 1134 662 1148 ¹
672 1134 741 1162 Jam
753 1142 847 1170 quum
858 1133 889 1161 in
902 1132 948 1162 his
958 1141 1078 1170 quoque
1090 1132 1138 1161 dei
1154 1138 1244 1170 atque
1259 1131 1366 1161 heroes

144 1177 339 1213 inducantur,
360 1177 509 1214 praecipue
532 1175 800 1204 demonstrandum
825 1180 879 1210 est,
903 1175 1012 1212 quibus
1037 1175 1070 1203 in
1096 1176 1185 1204 rebus
1206 1173 1327 1203 differat
1346 1181 1371 1204 ι

145 1219 314 1257 tragoedia!
349 1218 396 1248 Ita
410 1219 490 1247 enim
507 1218 729 1247 connectendus
745 1217 794 1246 hic
808 1218 890 1246 locus
902 1217 1021 1246 videtur
1035 1226 1103 1245 cum
1119 1216 1273 1254 tragoediae
1287 1221 1367 1245 recte

145 1262 361 1299 componendae
387 1260 552 1299 praeceptis,
578 1269 646 1297 quae
671 1257 1003 1298 praecedunt.—[qui]
1029 1259 1096 1287 Non
1120 1258 1202 1294 dicit,
1231 1256 1368 1296 Thespia

146 1303 296 1332 invenisse
313 1304 418 1332 drama
431 1302 605 1340 satyricum,
630 1306 682 1330 sed
703 1301 778 1330 hoc:
805 1303 883 1330 ‘non
907 1301 950 1330 ita
971 1301 1101 1330 multum
1123 1306 1190 1339 post
1213 1300 1370 1331 inventam

146 1346 324 1383 tragoediam
347 1345 423 1374 illud
445 1354 565 1383 quoque
587 1353 682 1382 genus
704 1344 862 1373 inventum
884 1343 969 1378 esse,’
987 1342 1031 1382 (et
1049 1343 1173 1381 quidem
1195 1351 1213 1372 a
1236 1341 1368 1378 Pratlnfl,

147 1388 286 1426 AEschyli
301 1386 435 1425 aequali.)
447 1384 644 1425 —[l1ircum]
670 1386 746 1415 Vide
761 1386 798 1414 ad
815 1396 840 1415 v.
857 1385 927 1420 276.
1365 1404 1370 1410 .

189 1430 364 1460 221-226.
390 1427 544 1468 [nudavit]
568 1431 575 1444 ‘
588 1429 702 1466 primus
719 1429 815 1457 nudos
832 1427 954 1456 induxit
967 1427 999 1456 in
1015 1425 1156 1462 scenam,'
1172 1425 1203 1459 id
1218 1431 1272 1461 est,
1290 1426 1299 1442 ‘
1311 1425 1371 1455 hoe

147 1471 318 1502 fabularum
333 1482 429 1510 genus
445 1471 579 1500 invenit.’
592 1486 634 1491 —
648 1468 767 1510 [asper]
791 1471 883 1508 rough
902 1470 962 1499 and
981 1470 1116 1504 uncouth,
1139 1473 1172 1497 ut
1187 1467 1316 1497 elucebit
1330 1475 1370 1497 ει

149 1515 286 1552 AEschyli
302 1514 436 1543 versibus
450 1514 587 1550 satyricis
606 1513 724 1549 Fragm.
739 1512 831 1541 Dind.
849 1511 916 1547 166,
932 1511 1003 1546 255,
1018 1516 1048 1540 et
1063 1510 1218 1549 Sophoclis
1234 1511 1281 1540 Fr.
1301 1509 1369 1546 147,

147 1557 218 1587 334.
230 1572 273 1578 —
286 1555 401 1596 [exlex]
425 1558 433 1572 ‘
446 1556 569 1584 feriatus
585 1564 618 1584 ac
634 1562 756 1593 propter
771 1555 848 1583 hanc
862 1563 1010 1583 summam
1027 1553 1211 1582 hilaritatem
1227 1553 1292 1591 jam
1309 1561 1373 1581 non

147 1599 235 1628 facile
250 1599 280 1628 in
297 1600 435 1628 ordinem
451 1598 615 1636 cogendus,
639 1597 690 1625 ubi
714 1597 905 1635 interpellare
920 1596 1011 1625 vellet
1033 1595 1218 1624 actores’-—
1229 1590 1372 1634 [risores]

149 1640 297 1670 ‘ridicula
311 1642 390 1670 dicta
405 1640 612 1679 proferentes!
658 1639 785 1677 Satyrici
808 1645 909 1667 autem
933 1637 1076 1667 dramatis
1099 1637 1258 1675 scriptores
1276 1632 1375 1674 elige-'

148 1684 223 1712 bant
248 1683 391 1717 actiones,
421 1692 550 1721 quarum
576 1681 735 1719 participes
765 1681 855 1710 fuisse
884 1686 936 1709 aut
961 1685 1142 1718 spectatores
1167 1679 1273 1708 saltem
1298 1676 1373 1716 fingi

148 1732 271 1764 possent
301 1725 411 1763 Satyri,
441 1725 533 1753 veluti
564 1724 726 1761 Euripides
761 1723 935 1760 Cyclopem,
965 1722 1158 1760 Autolycum,
1197 1721 1373 1759 Sisyphum.

150 1768 316 1802 Scironem,
341 1764 688 1806 Syleum.—[dicaces]
718 1765 863 1805 Quinctil.
886 1764 915 1800 6,
942 1763 971 1800 3,
997 1764 1048 1799 2l,
1075 1764 1231 1793 Dicat-itas
1254 1763 1374 1801 propri«

147 1811 294 1849 significae
309 1820 465 1839 sermonem
479 1819 542 1838 cum
557 1810 619 1838 risu
633 1809 746 1847 aliquos
761 1811 956 1837 incessentem.
981 1811 984 1814 '

192 1852 264 1887 227,
282 1852 350 1881 228.
374 1847 570 1891 [quicunque]
594 1853 601 1866 ⁴
615 1851 684 1879 Sive
707 1851 797 1879 deum
814 1850 845 1878 in
865 1858 986 1878 scenam
1001 1848 1148 1886 produces
1163 1847 1225 1876 sive
1240 1846 1376 1884 heroem,

149 1893 213 1924 sive
230 1901 371 1932 utrosque
390 1894 499 1923 simul.y
543 1893 649 1931 Nuper
669 1901 721 1930 pro
745 1891 866 1920 notione
887 1892 975 1929 hujus
990 1900 1016 1919 v.
1032 1889 1292 1928 interpretandum
1307 1893 1372 1918 esta

151 1937 262 1965 ‘iidem
279 1937 320 1965 dii
336 1942 426 1974 atque
442 1936 557 1970 heroes,
574 1935 626 1972 qui
642 1935 672 1962 in
689 1934 843 1971 tragoediis
856 1943 935 1971 saepe
950 1932 1110 1970 conspecti,
1125 1930 1271 1961 notissimi
1287 1929 1375 1960 nobi!

151 1985 222 2007 sunt
232 1979 251 2007 :'
269 1984 301 2007 ut
316 1978 388 2007 satis
402 1978 506 2007 festive
521 1978 710 2015 Antiphanes
725 1977 755 2005 in
773 1976 870 2005 Grotii
889 1975 964 2004 Exc.
977 1985 1005 2012 p.
1018 1974 1090 2008 623,
1105 1972 1150 2003 ἂν
1165 1971 1269 2002 πάλιν
1285 1971 1374 2012 Εἶπῃ

152 2030 201 2055 τις
215 2017 434 2059 Ἀλκμαίωνα,
448 2018 501 2048 καὶ
516 2018 558 2049 τὰ
573 2016 687 2049 παιδία
704 2015 811 2048 Πάν-τ’
829 2015 927 2053 εὐθὺς
951 2013 1053 2056 εἴρηχ’
1071 2013 1120 2045 ὅτι
1139 2013 1255 2053 μανεὶς
1274 2011 1375 2045 ἀπέκ-

152 2072 227 2092 τονε
242 2062 313 2098 Τὴν
327 2060 457 2101 μητέρα.

195 2106 265 2139 229,
282 2105 352 2134 230.
378 2102 524 2143 [Migret]
550 2105 557 2119 ‘
570 2103 614 2132 Ne
638 2112 766 2141 persona
789 2102 903 2140 tragica
921 2101 954 2130 in
975 2098 1078 2130 fabula
1092 2099 1223 2138 satyrica
1237 2098 1269 2127 in
1283 2098 1375 2128 scena

153 2156 328 2184 comparens
347 2153 446 2175 utatur
461 2155 598 2174 sermone
614 2150 675 2174 tam
690 2144 796 2173 humili
818 2154 853 2173 ac
868 2142 995 2182 plebeio,
1010 2151 1101 2180 quam
1116 2142 1214 2170 solent
1227 2139 1376 2175 homines,

153 2188 206 2227 qui
222 2189 251 2217 in
270 2191 408 2217 tabernas
429 2188 616 2226 popinasque
640 2187 805 2220 confluunt,
829 2186 886 2215 faex
908 2185 1085 2224 populi.’-—
1097 2181 1216 2223 [humili
1229 2178 1374 2220 sermone]

154 2231 185 2260 in
201 2240 260 2268 quo
282 2231 404 2268 quidem
425 2239 535 2268 genere
559 2230 743 2267 permultum
765 2229 822 2258 sibi
846 2227 1048 2266 permiserunt
1065 2225 1173 2260 Graeci,
1197 2225 1376 2263 plerumque

154 2278 255 2302 tamen
271 2272 302 2302 in
318 2279 486 2311 satyrorum
502 2271 646 2311 partibus.
692 2271 771 2300 Nota
793 2277 863 2300 sunt
879 2268 1016 2308 AEschyli
1038 2264 1159 2304 νηδύος
1179 2264 1378 2306 χειλώματα,
