1390 2586
384 126 705 156 EPISTOLARUM
731 125 821 154 Lm.
843 125 894 154 11.
914 113 954 153 2.
1248 114 1304 154 93

47 228 261 272 Fluctibus
279 228 322 270 in
343 227 489 270 mediis
509 237 551 271 et
571 227 881 284 tempestatibus
902 226 1014 269 urbis

44 287 185 329 Verba
205 287 304 344 lyrae
325 294 483 328 motura
503 301 647 328 sonum
670 294 914 327 connectere
935 283 1114 341 digner?
1247 286 1302 326 85

46 343 192 387 Frater
211 352 299 386 erat
321 343 467 385 Romae
487 343 662 386 consulti
683 343 834 393 rhetor,
858 350 903 384 ut
921 342 1024 384 alter

46 402 232 445 Alterius
252 416 439 443 sermone
463 416 595 444 meros
615 400 775 442 audiret
796 400 983 450 honores,

49 459 261 502 Gracchus
281 468 328 501 ut
347 459 413 500 hic
432 459 491 500 illi
512 460 631 508 foret,
654 458 749 499 huic
770 467 814 500 ut
836 457 1005 499 Mucius
1027 457 1108 499 ille.

49 515 138 566 Qui
158 517 292 558 minus
312 525 478 573 argutos
498 524 622 558 vexat
642 516 753 557 furor
772 515 850 557 iste
871 514 1046 571 poetas?

50 573 245 616 Carmina
265 589 479 630 compono,
503 574 568 616 hic
589 574 740 629 elegos.
804 572 1001 614 Mirabile
1022 572 1112 614 visu
1244 575 1300 614 90

50 631 337 688 Caelatumque
359 647 506 673 novem
532 631 669 673 Musis
690 645 792 687 opus
813 629 822 673 ἔ
885 629 1067 685 Adspice
1089 629 1282 687 primum,

49 688 220 738 Quanto
240 705 331 731 cum
354 690 473 739 fastu,
497 698 650 745 quanto
670 688 880 730 molimine
901 688 1074 730 circum-

52 746 294 802 Spectemus
314 762 481 789 vacuam
508 746 704 788 Romanis
726 746 884 787 vatibus
904 745 1033 788 aedem
1052 745 1062 787 l

50 803 156 847 Mox
178 804 315 854 etiam,
338 805 371 847 si
392 805 497 846 forte
519 819 647 853 vacas,
671 819 857 859 sequere,
881 812 923 845 et
944 803 1083 860 procul
1105 802 1213 855 audi,

24 907 26 909 ,
49 861 163 911 Quid
184 863 300 912 ferat,
324 871 366 904 et
387 877 512 918 quare
532 862 610 904 sibi
630 870 769 903 nectat
790 869 963 917 uterque
985 876 1186 903 coronam.
1246 864 1301 903 95

51 919 273 970 Caedimur,
297 928 338 962 et
359 919 529 961 totidem
551 919 682 976 plagis
703 919 979 960 consumimus
1001 918 1173 969 hostem,

49 977 188 1020 Lento
212 977 416 1019 Samnites
435 977 486 1019 ad
508 977 663 1018 lumina
684 977 814 1032 prima
834 976 982 1018 duello.

50 1034 235 1077 Discedo
258 1034 421 1077 Alcaeus
442 1043 595 1091 puncto
617 1034 725 1075 illius
743 1049 752 1075 ι
784 1033 854 1075 ille
875 1049 968 1075 meo
989 1033 1112 1090 quis?

52 1091 160 1142 Quis
181 1092 258 1134 nisi
283 1091 589 1134 Callimachus?
618 1092 651 1133 si
673 1092 765 1148 plus
784 1091 1006 1148 adposcere
1029 1091 1150 1143 visus,

52 1149 121 1192 Fit
144 1149 434 1201 Mimnermus,
456 1159 498 1192 et
518 1149 657 1206 optivo
678 1149 922 1206 cognomine
943 1149 1100 1191 crescit.
1221 1152 1300 1191 100

52 1206 191 1250 Multa
211 1208 311 1258 fero,
335 1215 380 1250 ut
401 1208 556 1264 placem
578 1222 710 1263 genus
730 1207 927 1249 irritabile
947 1216 1100 1256 vatum,

53 1263 194 1314 Quum
216 1265 361 1315 scribo,
385 1274 426 1307 et
447 1265 621 1322 supplex
644 1265 784 1321 populi
804 1264 996 1321 suffragia
1016 1272 1160 1321 capto:

50 1321 182 1373 Idem,
205 1322 330 1364 finitis
350 1323 493 1365 studiis
515 1331 556 1364 et
577 1331 712 1364 mente
734 1323 913 1378 recepta,

52 1379 257 1422 obturem
278 1380 437 1437 patulas
457 1380 626 1436 impune
647 1380 880 1436 legentibus
900 1395 1030 1422 aures.

53 1437 261 1480 Ridentur
280 1438 386 1480 mala
406 1438 477 1494 qui
498 1446 749 1494 componunt
769 1437 969 1479 carmina:
1002 1453 1143 1479 verum
1221 1441 1301 1480 105

53 1495 251 1538 Gaudent
269 1495 506 1546 scribentes,
530 1505 571 1537 et
591 1510 634 1537 se
655 1504 914 1545 venerantur,
938 1504 979 1537 et
999 1495 1119 1546 ultro,

20 1570 22 1573 ·
54 1552 100 1594 Si
121 1561 268 1603 taceas,
293 1553 459 1596 laudant
479 1553 679 1609 quidquid
700 1553 897 1609 scripsere
919 1548 1041 1595 beati.

53 1610 114 1652 At
133 1611 204 1667 qui
227 1610 455 1667 legitimum
478 1611 617 1667 cupiet
636 1610 780 1652 fecisse
802 1625 960 1666 poema,

55 1666 163 1709 Cum
184 1668 332 1710 tabulis
352 1669 534 1711 animum
554 1668 732 1710 censoris
752 1677 886 1710 sumet
906 1667 1089 1716 honesti3

54 1725 251 1776 Audebit,
274 1741 532 1783 quaecuuque
553 1741 696 1782 parum
717 1725 944 1782 splendoris
965 1725 1186 1776 habebunt,
1222 1729 1303 1769 110
1354 1766 1356 1768 ,

54 1780 113 1824 Et
131 1782 220 1824 sine
241 1784 422 1839 pondere
444 1791 578 1833 erunt,
602 1791 644 1825 et
664 1783 816 1825 honore
837 1783 1008 1840 indigna
1027 1783 1226 1838 ferentur,

16 1883 18 1889 ,
54 1839 195 1882 Verba
215 1856 378 1884 movere
399 1842 501 1891 loco,
524 1841 709 1897 quamvis
729 1841 857 1883 invita
877 1841 1081 1891 recedant,

55 1896 114 1939 Et
134 1907 347 1941 versentur
366 1899 500 1941 adhuc
518 1898 624 1940 intra
644 1898 869 1955 penetralia
890 1898 1042 1941 Vestae.

7 1984 11 1987 »
56 1955 286 1998 Obscurata
305 1956 375 1998 diu
395 1956 547 2013 populo
567 1956 697 1998 bonus
718 1964 846 2006 eruet,
867 1964 992 2012 atque

57 2012 246 2056 Proferet
265 2013 306 2055 in
329 2013 463 2056 lucem
483 2014 664 2070 speciosa
683 2014 880 2056 voeabula
900 2029 1048 2063 rerum,
1225 2015 1304 2055 115

8 2088 26 2095 >s
58 2069 178 2121 Quae,
201 2070 344 2128 priscis
365 2080 587 2113 memorata
608 2071 834 2113 Catonibus
854 2080 978 2127 atque
1003 2070 1215 2127 Cethegis,

8 2130 20 2176 ’,ᾗ
58 2127 184 2171 Nunc
203 2129 304 2171 situs
323 2129 507 2170 informis
527 2129 676 2184 premit
696 2137 738 2171 et
757 2129 917 2171 deserta
937 2137 1140 2170 vetustas:

11 2183 19 2226 ‘T
59 2186 272 2228 Adsciscet
291 2202 409 2236 nova,
433 2201 525 2242 quae
545 2186 707 2241 genitor
726 2186 965 2242 produxerit
987 2201 1092 2227 usus.

11 2294 13 2297 ι
59 2241 296 2286 Vehemens
317 2252 359 2286 et
379 2243 558 2299 liquidus
578 2258 763 2299 puroque
783 2244 1012 2286 simillimus
1032 2243 1143 2285 amni

61 2299 226 2343 Fundet
246 2317 358 2358 opes,
382 2301 631 2356 Latiumque
653 2301 790 2343 beabit
809 2301 934 2343 divite
955 2301 1110 2358 lingua.
1227 2305 1306 2343 120

62 2356 334 2402 Luxuriantia
354 2368 598 2416 compescet,
620 2358 741 2400 nimis
761 2374 904 2416 aspera
922 2373 1020 2401 sano
