1390 2586
38 110 129 158 ἅμα
145 127 167 151 ι.
181 117 228 160 a]
497 116 876 148 m‘rERPRETATm.
1239 114 1315 156 121

57 217 253 262 manuque]
277 219 404 250 Inverso
429 218 537 249 ordine
562 218 663 248 Groeci
687 216 838 258 ὀνόματα
862 215 918 247 καὶ
943 214 1088 257 ρἡατα,
1112 226 1220 247 omnes
1246 227 1316 247 ora·

62 265 156 296 tionis
170 270 271 305 partes
289 263 336 293 his
358 262 521 302 complexi.
534 279 577 284 —
590 260 704 302 [voces]
728 264 866 292 ‘certum
888 271 1015 292 sensum
1036 261 1168 300 singulis
1190 261 1316 291 vocibus

61 319 100 340 ac
114 309 213 339 verbis
226 306 452 337 attribuerunt!

108 350 283 383 lot—109.
307 348 402 390 [Jura
431 351 552 380 inventa
580 346 677 388 metu]
714 349 830 379 Contra
860 348 973 379 Stoici:
1010 346 1048 378 τὸ
1079 344 1207 378 δίκαιόν
1236 351 1316 387 φασι

64 392 158 437 phou
179 393 263 426 εἶναι
284 393 338 424 καὶ
359 392 407 434 μὴ
431 389 522 423 θέσει.
547 393 630 422 Stob.
649 393 686 422 E.
710 392 766 422 Ph.
784 392 813 428 2,
829 393 859 428 7,
876 402 905 431 p.
925 392 994 422 184.
1013 392 1053 421 Η.
1100 393 1150 422 Ex
1174 392 1316 421 doctrina

65 444 138 473 vero
165 437 376 477 Sophistarum
405 436 594 475 Epicurique
618 436 696 465 nihil
714 437 836 474 justum
863 442 917 465 aut
942 436 1092 474 injustum
1121 441 1168 465 est
1193 435 1316 471 natura,

64 481 119 513 Ded
138 481 256 520 legibus
277 490 313 510 ac
335 480 491 515 moribus3
516 486 622 509 contra
647 479 786 508 naturale
810 484 856 508 est
880 479 1045 508 discrimen
1070 479 1152 508 inter
1177 481 1258 508 bona
1284 484 1317 508 et

65 525 155 562 mala,
169 530 200 555 et
214 529 323 564 suopte
346 523 492 553 instinctu
510 524 602 553 homo
617 523 740 552 ducitur
755 522 793 552 ad
810 522 861 552 illa
876 523 1060 562 appetenda,
1077 523 1143 552 haec
1158 522 1318 561 fugienda.

63 565 191 608 —[Nec
203 569 300 598 vincet
315 565 410 607 ratio]
434 564 506 597 οὐδὲ
521 563 648 607 αἱρήσει
670 564 687 596 ὁ
706 563 818 606 λόγος.
843 567 850 581 ‘
862 566 1031 604 Nunquam
1049 566 1221 595 Stoicorum
1236 565 1316 595 ratio

65 610 194 647 evincet,
209 611 339 640 firmiter
355 610 445 640 nobis·
453 610 650 649 persuadebit
664 619 771 639 verum
785 619 851 639 esse
861 609 944 639 istud
958 610 1218 648 praeceptum.’—
1228 608 1316 647 [tan-

65 654 194 687 undem
204 659 242 684 1ιί
253 652 371 694 peccet]
389 664 444 693 pro
457 654 640 684 tantumdem
652 663 786 692 peccare.
797 669 840 674 --
851 651 984 694 [caules]
998 653 1173 682 brassicam.
1188 653 1316 682 “Fran-

61 707 135 739 εστ-ε
145 698 238 737 flores
259 707 319 727 non
338 697 466 726 memini
490 696 631 736 legisse.''
655 696 757 726 Bentl.
806 697 900 726 Recte
924 703 1027 726 tamen
1050 695 1163 726 dicitur
1181 697 1220 726 de
1243 706 1317 726 cau-

64 741 152 777 libus,
172 747 207 771 ut
225 741 264 771 de
287 740 413 770 calamis
435 747 465 770 et
487 740 603 770 cannis.
615 756 659 761 —
672 738 776 779 [sacra
798 738 923 780 legerit]
949 740 1066 770 dictum
1085 745 1119 769 ut
1137 740 1317 779 sacrilegus.

65 782 204 815 Lucilius
230 785 314 823 apud
338 784 420 814 Non.
444 784 473 818 4.
497 783 583 819 271‚·
601 785 698 813 omnia
721 785 845 813 viscatis
869 785 1006 813 manibus
1029 784 1276 823 legen-scutica
1299 792 1319 812 a

47 827 193 864 1σκὶῖννυς,
217 827 344 863 corium,
371 832 401 857 et
421 826 539 866 serula,
565 827 676 866 quibus
701 826 910 866 puniebantur
933 826 1032 866 pueri,
1056 836 1075 855 a
1100 827 1242 856 Martiale
1268 825 1318 862 10,

47 868 126 912 Jfflr
146 871 195 908 10,
222 871 368 901 dicuntur
391 875 510 910 sceptra
531 872 764 910 paedagogorum
778 881 788 900 :
819 872 946 906 scutica,
970 871 1098 905 habenti,
1123 871 1195 900 loris
1223 869 1319 899 etiam

65 914 146 944 nervi
178 920 302 954 propter
323 913 438 944 leviora
459 914 580 949 delicta,
603 916 640 943 ob
663 914 805 952 graviora
823 915 949 953 flagello
972 923 1041 943 cum
1066 913 1180 944 aculeis
1209 912 1318 943 ferreis

66 958 272 988 caedebantur.
285 974 328 979 -—
341 955 485 998 [sectere]
501 959 614 988 sectari
629 957 658 986 h.
674 957 693 986 l.
709 957 842 996 insequi,
859 967 980 996 urgere,
995 954 1132 987 διώκειν.

112 999 288 1032 llo—113.
313 1001 394 1031 Nam
409 1005 443 1031 ut
457 1002 658 1031 credas—non
679 998 798 1040 vereor]
823 999 1065 1041 Σολοικοφανὲς
1081 1001 1138 1030 hoc
1154 999 1320 1029 manifesto

66 1043 239 1083 significat:
272 1045 400 1074 ‘Certus
426 1054 505 1081 sum,
537 1050 567 1074 te
597 1054 652 1083 pro
677 1044 730 1073 tua
755 1044 918 1074 severitate
943 1054 1140 1083 nequaquam
1166 1053 1320 1073 caesurum

65 1087 166 1118 ferula.
187 1088 349 1118 dumtaxat
371 1097 453 1123 eum,
475 1087 527 1127 qui
551 1087 692 1126 graviore
717 1088 810 1127 poena
832 1087 948 1126 dignus
967 1088 1023 1122 sit3
1048 1088 1143 1117 immo
1166 1097 1238 1117 eum
1262 1087 1322 1116 hac

47 1166 51 1167 ⁷
65 1130 135 1171 11)Βί
148 1140 269 1170 semper
284 1130 407 1168 afficies,
430 1131 550 1170 flagello
572 1138 698 1161 strenue
722 1131 853 1161 usurus!
865 1147 908 1152 —
922 1129 1070 1171 [magnis]
1090 1132 1189 1170 junge
1205 1140 1276 1160 cum
1291 1140 1322 1160 v.

51 1174 181 1207 Jimili:
206 1176 258 1204 ‘et
283 1184 376 1214 parva
399 1175 526 1204 mineris
549 1174 642 1204 simili
665 1180 695 1204 te
718 1174 795 1204 falce
818 1175 989 1204 recisurum
1007 1172 1320 1213 (exterminaturum)

68 1222 162 1257 atque
177 1218 309 1257 magna!
322 1234 365 1239 —-
378 1215 535 1258 [regnum]
561 1217 679 1257 Arripit
695 1218 753 1247 hoc
769 1228 844 1254 voc„
860 1225 894 1247 ut
910 1218 1050 1248 derideat
1066 1218 1193 1255 Stoicos,
1210 1227 1322 1256 quem-

67 1256 235 1292 admodum
258 1260 330 1290 fecit
354 1261 434 1300 Epp.
454 1261 481 1296 l,
499 1260 526 1296 l,
547 1261 614 1292 106.
649 1261 712 1291 Cic.
731 1261 824 1291 Acad.
842 1262 872 1298 2,
890 1261 947 1292 44:
974 1261 1078 1294 ‘Quid
1098 1271 1176 1300 opus
1199 1266 1246 1291 est
1267 1261 1323 1291 ina

67 1304 254 1340 conditione,
269 1306 295 1334 si
310 1305 367 1334 tibi
378 1315 501 1344 regnum
516 1312 584 1340 cet„
601 1314 670 1334 cum
684 1314 722 1334 ex
737 1305 797 1334 ista
813 1306 866 1334 tua
881 1305 1022 1335 doctrina
1037 1302 1144 1345 μόνον
1160 1303 1244 1334 εἶναι
1260 1303 1324 1334 τὸν

69 1346 175 1389 σοφὸν
195 1344 337 1386 βασιλέα
358 1346 412 1376 καὶ
430 1345 620 1387 βασιλικὸν,
643 1348 709 1378 τῶν
731 1345 764 1377 δὲ
787 1345 926 1388 φαύλων
947 1345 1074 1389 μηδένα
1091 1348 1191 1388 (Stob.
1210 1349 1247 1378 Ε.
1266 1349 1326 1378 Ph.

69 1391 100 1427 2,
127 1391 157 1428 7,
182 1401 211 1430 p.
238 1389 327 1430 222.)
357 1390 415 1420 hoc
439 1392 539 1430 ipsum
563 1401 694 1429 regnum
718 1393 847 1430 jamjam
877 1392 991 1422 habeas
1001 1392 1023 1421 2’
1072 1392 1209 1421 Lucilius
1238 1392 1324 1431 apud

72 1434 220 1474 Porphyr.
243 1434 281 1464 ln
303 1435 410 1465 mundo
432 1436 551 1474 sapiens
574 1435 638 1464 haec
660 1437 758 1465 omnia
772 1436 914 1465 habebit:
938 1436 1108 1471 Formosus,
1128 1436 1220 1471 dives,
1235 1436 1324 1472 liber,

69 1487 124 1508 ret
137 1477 210 1508 κοίν’
225 1482 352 1508 vocetur.

115 1520 292 1552 lle-119.
317 1519 436 1561 [pater]
462 1521 529 1551 Etsi
546 1522 620 1551 Stoa
635 1521 759 1561 proprie
782 1532 800 1551 a
823 1522 950 1551 Zenone
974 1521 1100 1552 condita
1122 1527 1197 1558 erat,
1218 1527 1326 1552 tamen

68 1563 228 1594 dicebant:
254 1562 282 1594 εἰ
302 1562 350 1605 μή
375 1562 421 1601 ἦν
447 1562 660 1604 Χρύσιππος,
686 1563 746 1596 οὐκ
767 1563 813 1595 ἂν
838 1563 883 1602 ῆν
908 1563 1006 1596 Στοά.
1051 1565 1142 1604 Diog.
1168 1566 1270 1595 Laert.
1294 1565 1324 1601 7,

73 1606 196 1638 183.-
207 1605 377 1648 [crepidas]
391 1609 580 1638 Graecorum.
608 1609 729 1638 Persius
746 1609 772 1645 l,
788 1609 856 1644 127.
870 1625 907 1630 —
924 1607 1161 1650 [Hermogenes]
1174 1609 1326 1648 Tigellius

71 1651 284 1690 Hermogenes
296 1657 369 1681 tunc
384 1651 499 1688 vivens,
514 1652 653 1681 diversus
670 1652 777 1691 utique
792 1663 810 1682 a
828 1652 959 1690 Tigellio
976 1654 1082 1682 Sardo.

117 1693 273 1730 120,121.
299 1692 459 1735 [Affenus]
483 1697 502 1711 “
518 1695 643 1725 Urbane
668 1696 741 1725 satis
766 1696 914 1726 Alfenum
939 1696 1056 1725 Varum
1081 1697 1327 1726 Cremonensem

72 1737 203 1774 deridet,
218 1738 271 1776 qui
286 1739 405 1777 abjecta
420 1738 550 1775 sutrina,
566 1748 658 1777 quam
674 1739 706 1768 in
722 1739 893 1778 municipio
908 1749 964 1769 suo
979 1746 1170 1776 exercuerat,
1190 1741 1325 1770 Romam

72 1780 160 1810 venit
173 1780 380 1820 magistroque
396 1791 468 1811 usus
485 1784 549 1812 Ser.
566 1782 702 1821 Sulpicio
719 1783 802 1812 Rufo
811 1783 1034 1821 jurisconsulto
1056 1784 1095 1813 ad
1119 1789 1237 1813 tantam
1252 1793 1324 1823 per-

73 1823 159 1857 venit
183 1823 353 1861 scientiam,
378 1830 412 1854 ut
435 1825 626 1854 consulatum
656 1833 777 1864 gereret
802 1833 833 1856 et
856 1826 979 1865 publico
1003 1827 1111 1857 sunere
1132 1827 1326 1857 efferretur.”

74 1868 185 1898 Acron.
230 1867 311 1897 Vera
342 1867 492 1907 scriptura
520 1868 640 1898 videtur
666 1869 815 1909 Alsenius,
849 1869 892 1899 ita
918 1876 1034 1908 tamen,
1061 1876 1104 1907 ut,
1132 1870 1219 1909 quasi
1245 1875 1328 1900 esset

72 1907 226 1950 Affenjus,
248 1910 279 1939 h.
298 1911 318 1940 l.
342 1911 535 1950 trisyllabum
559 1919 693 1942 maneat.
730 1913 820 1943 Certe
844 1914 880 1943 P.
905 1914 1138 1944 ALFENIUS
1158 1923 1240 1944 cons.
1257 1913 1327 1943 suff.

74 1961 107 1984 Α.
123 1961 156 1983 υ.
171 1961 200 1983 c.
215 1953 288 1990 755,
305 1959 352 1984 est
374 1954 405 1984 in
429 1954 571 1994 Inscript.
582 1973 625 1978 —
639 1954 755 1996 [vafer]
781 1963 887 1996 aptum
902 1957 974 1987 Jcti
990 1956 1146 1987 ἐπίθετον
1167 1963 1201 1986 ut
1217 1958 1279 1986 Sat.
1296 1957 1327 1993 2,

73 1996 191 2035 2131,
203 1995 283 2037 vafri
290 1996 547 2038 juria—[ante]
572 2009 632 2028 non
649 2001 688 2028 de
704 2006 834 2036 mortuo,
847 2001 902 2030 sed
917 2007 1084 2039 antequam
1096 2001 1328 2039 jureconsultus

73 2039 172 2071 factus
186 2046 276 2070 esset.
286 2057 329 2062 —-
341 2039 572 2081 [instrumenta]
597 2043 714 2082 scalpra
729 2050 760 2073 et
776 2043 899 2073 formas.
926 2045 988 2074 Sat.
1001 2045 1031 2080 2,
1048 2044 1077 2079 3,
1098 2044 1166 2074 106.

54 2099 57 2102 -
120 2083 297 2114 124-132.
323 2081 461 2124 [Lascivi
482 2082 589 2125 pueri]
622 2087 771 2122 ‘quorum
797 2087 1001 2126 petulantiam
1028 2091 1174 2126 provocat
1197 2086 1330 2117 ridicula

74 2130 129 2159 tua
139 2127 323 2157 declamatio
334 2134 365 2157 et
375 2127 587 2166 gesticulatio!
596 2145 638 2150 —
648 2128 804 2170 [barbam]
822 2141 892 2160 cum
905 2131 1005 2160 abolla
1016 2130 1138 2168 insigne
1151 2131 1329 2170 hujusmodi

54 2170 249 2207 ,Stoicorum
274 2170 784 2212 semicynicorum.—[rumperis]
808 2174 978 2203 clamitans.
1006 2174 1068 2203 Cic.
1082 2175 1121 2203 ad
1147 2174 1280 2211 Fam.7‚
1299 2174 1328 2210 1,

52 2213 191 2253 ἴὒίνιιρί
212 2223 299 2253 paene
327 2225 371 2244 me
399 2216 430 2244 in
452 2213 574 2254 judicio
606 2216 743 2246 Galli.—
754 2217 958 2249 Quadrantem
989 2217 1021 2246 in
1051 2217 1170 2247 balneis
1197 2217 1330 2257 publicis

52 2294 59 2300 Ὗ
77 2249 218 2287 homines
234 2258 389 2287 tenuiores
412 2258 590 2296 pendebant
612 2259 845 2289 balneatori.—
857 2258 1019 2300 [stipator]
1044 2262 1052 2276 ‘
1063 2261 1146 2291 velut
1160 2261 1283 2291 satelles
1299 2267 1332 2291 et

79 2300 212 2331 aneelm’
248 2301 306 2330 Vv.
322 2311 415 2341 neque
431 2306 460 2332 te
474 2307 532 2331 cet.
544 2303 642 2341 Junge
669 2312 740 2332 cum
761 2304 875 2342 protasi
899 2305 990 2334 dum:
1016 2304 1047 2333 in
1073 2304 1199 2343 apodosi
1223 2311 1330 2334 autem

59 2343 62 2346 ’
78 2340 141 2383 {tibi
155 2344 342 2383 respondent
357 2348 596 2385 et—que-que,
641 2347 649 2362 ‘
661 2346 743 2375 Dum
760 2353 803 2382 tu,
821 2347 932 2383 Stoice,
955 2354 1081 2386 propter
1103 2348 1203 2387 ipsam
1226 2357 1328 2377 moro-

59 2381 202 2430 hsstatem
216 2387 249 2417 in
257 2387 427 2427 judicando
442 2390 480 2419 ab
496 2389 639 2419 omnibus
654 2389 818 2420 derelictus
834 2400 950 2427 manes,
966 2401 1023 2430 ego
1044 2398 1163 2422 naturae
1184 2392 1330 2421 humanae

1046 2435 1076 2465 G
