1390 2586
131 116 215 158 283
541 111 922 145 ,INTERPRETATIQ
1139 132 1142 134 -
1232 110 1355 153 [ιιι-ιη.
1375 106 1390 175 ’1

132 214 407 252 contemplantibus
430 209 795 251 apparet.’—[Docmm]
820 210 891 248 ‘qui
916 209 972 239 arti
994 209 1355 250 satisfaciat.·—[viva2]
1379 189 1390 249 ἔ

133 259 141 274 ⁴
152 268 219 296 quae
235 256 277 286 τὰ
292 255 357 292 ἢθη
374 254 425 284 καὶ
443 253 532 291 πάθη
549 260 628 283 recte
645 260 735 291 atque
751 253 883 282 dilucide
899 252 1083 290 exprimunt,
1097 262 1167 282 vere
1181 253 1356 283 naturales!
1370 255 1390 275 ='·¹

175 299 348 330 319-322.
375 295 519 336 [speciosa
538 295 623 335 Iocis]
659 296 754 324 ‘locis
779 295 990 324 communibus
1020 295 1098 331 (Cic.
1126 295 1210 324 Brut.
1234 294 1284 329 12,
1306 295 1357 325 46.
1372 284 1390 334 J

134 343 216 371 Orat.
231 342 282 375 33,
302 339 384 378 118),
407 337 530 379 ῥὴσεσι,
544 339 654 376 quibus
669 338 774 366 insunt
790 338 915 377 γνῶμαι
932 337 1087 366 evidentia
1106 337 1162 366 sua
1181 346 1216 366 ac
1231 337 1357 366 veritate
1376 335 1390 351 ²¹

133 383 299 413 allicientes
322 388 351 411 et
377 383 598 419 perniulcentes
628 381 801 409 auditorum
830 379 968 408 animos!
981 394 1021 399 —-
1039 375 1184 418 [morata]
1217 379 1268 408 ‘in
1295 380 1358 416 qui
1379 376 1390 395 ἵ

133 436 231 455 mores
258 425 447 462 singularum
471 432 668 461 personarum
694 422 807 460 optime
837 420 1073 459 exprimuntur:
1105 421 1174 450 Aer.
1186 435 1228 442 —-
1241 419 1358 460 [nugae-
1386 415 1390 445 Ϊ

133 466 204 507 que]
230 470 237 483 ‘
250 477 353 495 versus
369 467 459 501 leves,
485 466 565 503 quod
591 466 627 494 ad
650 464 814 493 sententias
831 464 972 502 pertinet,
996 463 1190 501 quantumvis
1205 463 1358 492 numerosi
1376 451 1382 498 ,¹

133 521 168 540 ac
181 509 301 538 sonori!

176 552 248 586 323,
266 551 336 580 324.
361 549 484 589 [Grais]
510 549 663 583 ‘Verum,'
689 547 800 585 inquit,
828 547 978 576 ‘maximo
1002 546 1221 584 impedimento
1242 547 1359 576 Latinae

134 595 216 633 poesi
234 599 277 623 est
293 594 357 631 ipsa
375 594 581 621 Romanorum
598 591 746 620 educatio.
777 591 855 618 Sane
869 590 966 618 Graeci
982 589 1025 617 illi
1041 589 1156 626 antiqui
1173 590 1212 618 ab
1226 589 1359 618 Homero

135 646 231 674 usque
253 636 292 664 acl
314 635 517 664 Menandrum
541 634 571 662 in
594 634 734 662 omnibus
756 632 802 667 iis,
825 641 891 669 quae
913 633 951 660 ad
971 631 1077 669 poesin
1097 635 1243 669 spectant,
1269 631 1358 668 longe

136 680 222 708 nobis
239 678 385 706 feliciores
401 677 534 707 fuerunt.
551 675 663 713 quippe
680 675 789 712 quibus
805 682 912 702 natura
929 674 994 711 ipsa
1009 673 1167 711 ingenium
1178 682 1248 702 vere
1264 673 1360 711 poeti-

135 730 205 750 cum
233 725 263 748 et
289 719 463 748 facilitatem
494 719 586 747 etiam
613 717 783 746 reconditos
814 716 907 745 animi
937 725 1042 744 sensus
1069 715 1143 744 scite
1169 715 1359 754 exprimendi

135 763 244 800 largita
260 763 307 790 sit.
354 762 460 799 Neque
477 770 547 789 vero
562 760 628 788 illos
649 759 739 788 ullius
760 759 836 787 alius
857 758 901 787 rei
917 767 1006 795 quam
1023 767 1102 786 verae
1117 757 1220 795 gloriae
1235 757 1360 795 cupidos

135 805 226 834 fuisse
243 805 398 833 videmus:
424 808 524 831 nostra
541 811 681 840 perversa
703 801 842 829 educatio
862 805 994 837 quaestus
1017 805 1088 828 ante
1111 800 1212 828 omnia
1232 805 1262 828 et
1285 799 1360 828 lucri

136 847 270 876 studium
287 846 396 875 animis
411 845 571 877 instillans.
588 845 648 872 vim
665 843 811 881 poeticam
828 843 965 871 debilitat
979 847 1070 879 atque
1085 841 1244 880 infringit.’
1269 842 1360 870 Simi-

136 889 173 918 lis
193 895 238 918 est
259 889 340 917 locus
357 889 434 926 Epp.
452 888 482 923 2,
500 888 526 922 l,
541 886 641 916 93.—
654 886 718 922 [ore
742 883 880 923 rotundo]
905 883 977 913 “Tb
1002 881 1211 923 στρογγύλον
1225 883 1362 912 rhetores

137 933 235 960 Graeci
252 931 283 959 in
299 940 409 968 genere
426 930 579 964 dixerunt,
603 928 753 966 quidquid
768 927 866 956 verbis
887 931 917 955 et
937 926 1096 959 sententiis
1111 927 1153 954 ita
1168 926 1360 954 enuntiatum

137 979 226 1010 esset,
241 978 274 1002 ut
290 974 320 1001 in
337 982 441 1001 eorum
458 972 554 1000 forma
569 970 767 1003 concinnum,
782 970 932 1006 elegantia
947 975 977 997 et
993 967 1154 997 artificium
1170 967 1360 1006 appareret.”

135 1031 178 1038 -—
190 1015 321 1054 [proeter
336 1012 467 1052 laudem]
495 1016 502 1029 ‘
514 1014 603 1042 unius
618 1013 716 1041 laudis
732 1011 929 1049 appetentes-‚¹

179 1057 354 1087 325-332.
373 1054 507 1095 [partes]
525 1052 909 1092 fractioneS‚sractions.-
923 1050 1046 1091 [Dicat]
1072 1052 1107 1080 ln
1123 1052 1229 1080 ludum
1245 1052 1362 1081 littera-

137 1099 216 1129 rium
235 1109 287 1128 nos
304 1099 426 1128 deducit
442 1104 540 1136 poeta,
554 1098 603 1126 ubi
617 1096 815 1125 ratiocinandi
831 1101 927 1124 artem
942 1104 996 1132 pro
1012 1095 1094 1132 poesi
1110 1095 1196 1122 docet
1209 1095 1361 1132 magister.

136 1139 325 1181 —[Albini]
354 1143 372 1156 ‘⁴
383 1151 492 1169 nomen
511 1139 691 1168 feneratoris
706 1138 821 1166 avari.'’
846 1138 950 1166 Comm.
971 1137 1072 1166 Cr.—
1087 1133 1240 1175 [superat]
1267 1136 1363 1165 codd.
1381 1125 1390 1137 Α

137 1186 196 1214 mei
221 1194 289 1213 cum
316 1184 448 1212 Monacc.
465 1189 494 1211 et
509 1181 643 1211 Pottierii
661 1181 811 1209 omnibus.
855 1179 935 1208 Sane
949 1179 1045 1207 oratio
1060 1183 1141 1207 recta
1155 1178 1304 1207 efficacior
1317 1182 1364 1207 est

138 1237 229 1265 quam
245 1226 464 1263 conjunctivus.
474 1240 515 1244 —
529 1223 669 1262 [Poteras
684 1219 808 1261 ‹lia-isse]
834 1221 934 1250 Verba
947 1221 1012 1250 haec
1027 1226 1096 1249 sunt
1110 1220 1256 1258 magistri,
1271 1220 1364 1249 disci·

137 1269 244 1308 pulum
259 1278 319 1297 non
337 1274 397 1296 tarn
413 1267 613 1304 corripientis,
629 1266 710 1302 quod
722 1264 904 1293 tardiuscule
916 1263 1106 1301 respondeat,
1120 1272 1210 1300 quam
1223 1271 1291 1291 cum
1301 1262 1362 1295 leni

138 1308 282 1351 εἰρωνείᾳ
307 1309 477 1344 excitantis,
499 1318 591 1346 quum
617 1313 716 1336 certus
738 1306 776 1335 sit
800 1306 943 1343 magister
962 1314 1089 1343 puerum
1109 1305 1190 1333 illico
1203 1310 1284 1333 recte
1298 1313 1364 1333 esse

138 1362 364 1391 responsurum.
383 1352 466 1380 Bene
477 1351 552 1379 Voss
563 1361 568 1378 :
592 1350 686 1383 Come,
697 1349 786 1388 spealc
797 1353 855 1381 out,
871 1358 925 1385 you
937 1349 1019 1376 know
1028 1349 1110 1376 it.-
1120 1345 1131 1385 [
1140 1344 1259 1385 Τνίεησ]
1275 1346 1365 1375 tertia

138 1405 207 1434 pars
223 1395 308 1426 assis.
324 1395 354 1422 id
370 1400 424 1427 est,
446 1399 575 1430 quatuor
590 1391 696 1420 unciae.
708 1407 747 1412 -—
760 1388 884 1429 [Redit]
907 1392 915 1405 ⁴
927 1396 1031 1418 contra
1054 1389 1077 1417 si
1100 1389 1138 1417 ad
1163 1389 1363 1426 quincuncem

138 1437 262 1466 additur
278 1437 377 1467 uncia.
399 1436 433 1464 fit
448 1435 548 1468 semis.
573 1434 699 1463 dimidia
715 1443 782 1471 pars
798 1433 871 1461 assis
885 1432 946 1460 sive
962 1441 1014 1460 sex
1031 1430 1148 1459 unciae!
1159 1428 1364 1470 —[At}1aec]

140 1480 189 1508 Sic
205 1485 284 1508 recte
301 1479 433 1516 erumpit
458 1477 610 1506 liberrima
626 1475 806 1513 indignatio.
850 1475 898 1503 An
921 1473 1088 1502 dubitantis
1111 1479 1200 1508 esset,
1224 1473 1277 1502 sed
1299 1472 1365 1501 sine

140 1522 240 1551 causa.
250 1538 291 1543 -—
303 1519 434 1559 [oerugo]
452 1523 459 1535 ‘
471 1519 607 1552 avaritia,
623 1528 690 1556 quae
705 1517 784 1546 rodit
801 1517 917 1545 animos
933 1522 1024 1554 atque
1037 1520 1192 1550 extenuat,
1215 1519 1248 1544 ut
1263 1524 1366 1552 aerugo

139 1564 201 1594 ωε]
246 1565 361 1592 Seneca
376 1563 434 1601 Ep.
451 1561 480 1596 7,
507 1562 660 1599 Malignus
675 1570 764 1589 comes
777 1560 906 1597 quamvis
921 1558 1045 1587 candido
1059 1567 1094 1586 ac
1107 1557 1234 1595 simplici
1250 1557 1366 1595 rubigi-

139 1617 202 1636 nem
217 1616 299 1635 suam
320 1603 471 1643 adfrieuit.
483 1620 522 1625 —
534 1600 668 1642 [peculi]
692 1608 725 1630 ut
742 1602 823 1638 Virg.
843 1601 907 1630 Ecl.
926 1601 953 1635 l,
969 1600 1019 1634 33,
1043 1600 1080 1628 de
1094 1599 1224 1637 pecunia
1243 1598 1367 1637 propria

139 1649 292 1677 industria
313 1658 346 1676 ac
370 1646 556 1685 parcimonia
578 1642 874 1683 parta—[linenda
893 1640 994 1680 cedro]
1019 1642 1108 1670 cedri
1130 1642 1196 1670 oleo
1220 1646 1368 1679 peruncta

140 1691 282 1720 materies
299 1699 354 1718 nec
375 1690 489 1718 tineam
512 1698 566 1716 nec
586 1688 695 1716 cariem
717 1686 820 1722 sentit,
845 1690 878 1713 ut
902 1686 990 1714 docet
1014 1684 1128 1713 Plinius
1146 1683 1194 1718 16,
1209 1683 1258 1712 88.
1286 1683 1367 1712 “Ex

141 1733 316 1771 cupressino
332 1738 433 1760 autem
451 1731 534 1768 ligno
549 1729 654 1759 confici
670 1729 806 1758 solebant
822 1728 962 1765 capsulae,
974 1727 1005 1755 in
1019 1727 1128 1764 quibus
1143 1726 1368 1764 reponebantur

141 1775 254 1812 scripta
269 1780 427 1812 poetarum
445 1779 548 1802 contra
565 1771 693 1800 tineas.”
719 1771 821 1800 Comm.
841 1771 889 1798 Cr.

184 1817 253 1852 337.
281 1815 389 1855 [Omne
418 1812 643 1853 supervacuum]
677 1813 686 1828 ‘
703 1813 743 1842 Ut
773 1813 810 1841 de
839 1821 908 1840 vase
932 1812 997 1850 jam
1022 1811 1114 1848 pleno
1140 1818 1221 1847 aqua
1243 1809 1368 1847 insuper

142 1861 238 1889 affusa
255 1859 371 1894 defluit,
391 1858 432 1886 ita
449 1858 584 1886 animum
601 1861 752 1894 praecepto
774 1855 875 1892 aliquo
896 1855 959 1892 jam
975 1853 1144 1890 impletum,
1165 1851 1277 1885 omnia,
1300 1861 1369 1888 quae

142 1908 290 1941 praeterea
319 1901 484 1934 adduntur,
512 1899 625 1937 quippe
654 1906 888 1936 supervacanea,
918 1905 978 1924 non
1005 1900 1143 1932 tangunt,
1172 1893 1226 1923 sed
1248 1893 1369 1923 fastidio

142 1944 300 1974 afficiunt)

185 1985 362 2016 338—340.
387 1982 539 2023 [proxima
563 1980 654 2020 veris]
679 1983 745 2010 “ne
768 1981 897 2010 laedatur
918 1979 1028 2009 veritas
1049 1975 1202 2016 (Illusion)
1221 1976 1369 2016 poetica.”

148 2029 270 2058 Aristot.
289 2028 370 2056 Poet.
387 2027 436 2057 25.
454 2024 538 2066 πρὸς
559 2024 623 2061 τὴν
649 2021 783 2060 ποίησιν
804 2018 1013 2063 αἱρετώτερον
1035 2018 1182 2050 πιθανὸν
1203 2016 1370 2050 ἀδύνατον

145 2070 167 2108 ἣ
183 2068 352 2100 ἀπίθανον
368 2068 420 2098 καὶ
441 2065 593 2098 δυνατόν.
605 2083 647 2088 --
658 2063 802 2105 [Lamiae]
827 2067 846 2081 “
862 2065 966 2094 Lamia
986 2069 1031 2092 est
1052 2067 1221 2092 monstrum
1239 2070 1370 2099 superne

145 2114 261 2143 habens
275 2112 404 2151 speciem
419 2111 564 2143 mulieris,
576 2109 692 2138 inferne
708 2118 778 2137 vero
795 2107 905 2136 desiuit
922 2107 952 2135 in
970 2106 1062 2144 pedes
1076 2103 1239 2134 asininos.’'
1263 2104 1369 2134 Comm.

147 2157 199 2185 Cr.
224 2155 280 2183 Hae
308 2155 487 2183 dicebantur
510 2162 619 2190 pueros
639 2151 686 2180 vel
709 2152 853 2180 devorare
874 2149 921 2178 vel
946 2158 1050 2177 eorum
1074 2146 1252 2184 sanguinem
1277 2155 1370 2174 exsu-

145 2207 217 2236 gere
231 2208 238 2230 ;
270 2198 351 2226 unde
382 2202 414 2224 ut
440 2196 575 2232 Empusa
602 2203 636 2223 ac
663 2194 781 2222 Morino
809 2191 970 2220 infantium
1001 2189 1243 2219 terriculamenta
1271 2193 1368 2217 erant.

148 2241 158 2256 ‘
169 2240 310 2269 Ridicule
323 2244 424 2267 autem
440 2247 567 2276 pransoe,
583 2236 668 2274 quasi
686 2245 756 2264 vero
771 2235 827 2263 hoc
842 2233 977 2272 quotidie
992 2231 1097 2262 fieret:
1121 2231 1211 2260 olm.

188 2281 364 2312 341-346.
389 2278 556 2319 [Centuriae
570 2276 730 2317 seniorum]
754 2277 788 2306 ln
802 2276 944 2306 classibus
961 2285 979 2305 a
992 2274 1095 2304 Servio
1107 2272 1208 2302 Tullio
1222 2270 1368 2301 institutis
