1390 2586
116 86 197 128 112
546 87 917 118 mrssRPRETATm.
1254 86 1346 130 {un

111 185 143 214 in
155 195 186 215 re
197 185 335 225 judiciali
348 190 393 214 est
405 185 440 221 is,
453 186 504 224 qui
511 195 565 224 pro
575 185 668 214 allero
681 186 878 216 vadimonium
885 187 1034 225 promittit
1045 184 1170 224 (Varro)
1182 185 1215 216 id
1225 193 1282 224 est,
1292 189 1362 227 qui*

111 229 193 267 apud
215 235 373 267 praetorem
398 229 537 265 spondet,
563 237 649 256 reum
671 227 703 256 in
721 228 872 266 judicium
895 228 979 262 sisti;
1003 229 1085 267 quod
1101 229 1132 258 ni
1148 229 1211 265 fiat,
1233 230 1298 260 fore
1311 237 1347 261 ut

110 270 174 309 ipse
188 271 248 300 litis
260 270 492 300 aestimationem
504 270 636 298 sufferat.
664 270 849 300 Rusticanus
864 272 1019 300 Romanus
1034 271 1136 308 igitur,
1148 271 1262 301 invitus
1276 272 1346 311 qui-

112 313 191 345 dem.
214 314 267 342 sed
291 323 328 341 ne
352 312 525 341 vadimonio
548 313 667 341 deserto
694 313 777 341 litem
803 313 931 347 amittat,
955 313 986 342 in
1010 313 1124 342 Urbem
1150 323 1182 342 se
1207 314 1344 345 conferre

112 360 241 390 coactus,
257 356 322 393 ejus
338 355 450 383 incolas
466 355 537 390 alta,
556 361 588 383 ut
603 355 702 383 solent
718 355 831 389 rustici,
848 365 919 385 voce
934 356 978 384 vel
994 356 1063 384 ideo
1075 355 1177 385 felices
1191 356 1348 394 praedicat,

111 398 192 436 quod
207 404 315 435 praeter
332 398 427 426 multa
442 397 500 425 alia
517 397 585 425 vitae
601 397 713 434 gaudia
729 398 819 435 longe
831 397 1018 427 commodius
1031 398 1160 436 negotiis
1175 397 1346 429 forensibus

110 449 232 479 operam
250 449 360 468 navare
378 439 501 477 possint,
517 440 580 477 ipse
595 449 690 476 quum
708 446 868 477 propterea
883 445 999 469 tantum
1017 440 1159 478 temporis
1174 441 1289 478 perdat.

155 481 286 512 13—18.
312 479 438 521 [Cetera
454 483 488 510 de
501 491 609 520 genere
620 479 688 520 hoc]
707 482 894 519 Principium
907 484 1009 511 versus
1021 482 1205 517 Lucretiani,
1229 483 1259 518 ⁴,
1271 483 1346 515 594.

109 524 148 554 B.
174 522 335 564 [Fabium]
367 525 436 553 Fuit
458 524 571 553 Fabius
589 522 760 561 (Maximus
787 523 919 563 Porph.),
943 534 1035 561 eques
1052 525 1208 554 Romanus
1226 525 1344 555 Narbo-

110 567 224 601 nensis,
237 567 287 604 qui
301 567 416 604 aliquot
430 566 520 595 libros
534 566 718 603 pertinentes
729 567 766 595 ad
779 567 908 596 Stoicam
923 567 1144 605 philosophiam
1157 567 1344 606 conscripsit.

111 609 172 638 Hic
194 615 296 638 autem
315 609 426 638 Fabius
450 609 648 646 Pompeianas
670 615 771 648 partes
796 616 917 638 secutus
939 615 985 638 est
1007 615 1038 638 et
1063 619 1131 638 cum
1157 610 1284 639 Horatio
1306 611 1344 640 de

110 650 278 690 disciplinis
294 661 374 690 saepe
390 651 555 680 contendit.
581 653 652 680 Aer.
698 650 781 690 [Quo
796 662 856 680 rem
877 649 1036 690 deducam]
1059 654 1068 667 ‘
1083 652 1136 689 qui
1152 652 1191 681 sit
1206 651 1343 690 disputa-

109 693 201 723 tionis
217 704 290 723 meae
307 693 396 722 finis)
433 693 499 733 [En
515 691 584 732 ego]
610 693 679 722 Noli
697 694 901 732 haecjungere
917 704 985 723 cum
1002 691 1163 732 v.saciam‚
1174 694 1227 723 sed
1242 701 1298 731 est,
1310 699 1345 725 ut

109 735 206 765 Varro
233 737 269 765 R.
291 736 327 765 R.
348 736 375 771 l,
392 736 443 770 56,
466 747 500 765 en
519 738 589 775 quin
608 737 722 766 adsum.
766 737 886 765 Sallust.
903 738 988 765 Orat.
1005 736 1102 766 Cottae
1118 735 1147 771 4,
1170 737 1285 766 Adsum
1307 747 1344 768 eu

113 778 145 808 C.
164 779 250 808 Cotta
265 779 373 808 consul.
420 776 514 817 [Εια]
535 779 564 807 h.
582 779 602 807 l.
617 784 661 807 est
677 778 871 816 impatienter
887 779 1081 817 increpantis.
1111 779 1237 808 Cessare
1249 779 1342 816 videt,

109 817 185 859 qu'os
200 822 301 850 statim
319 821 502 850 discessuros
517 821 754 858 existimaverat,
769 821 898 859 ideoque
915 826 1019 850 evocat
1039 826 1180 856 moratos,
1195 821 1342 862 additque

130 864 182 892 uid
195 866 283 892 statis
298 862 315 879 ⁴¹
329 865 344 892 ?
1275 890 1278 893 .

108 874 126 903 q
150 906 276 935 20—24
311 904 412 944 [Quid
435 915 532 935 causoe
555 903 615 943 est]
641 906 725 938 Quid
749 905 778 934 ni
803 910 926 944 propter
949 905 1029 935 hant:
1049 905 1248 935 stoliditatem
1271 916 1342 937 cum

107 947 313 977 inconstantia.
327 950 518 986 conjunctam
536 949 643 977 merito
658 948 753 977 iratus
769 948 890 986 Jupiter
912 948 971 978 illis
999 950 1106 978 buccas
1122 948 1230 978 inflet?
1258 948 1342 979 Alibi

109 989 169 1025 τὰς
188 989 337 1031 γνάθους
356 990 464 1031 φυσᾷν
480 990 585 1025 fastus,
610 991 638 1019 h.
654 991 673 1020 l.
689 991 854 1019 iracundiae
876 991 1007 1028 signum,
1031 997 1065 1019 ut
1081 991 1206 1020 Plautus
1230 991 1340 1022 Bacch.

107 1042 134 1061 v·
151 1033 201 1067 21,
224 1035 370 1071 sufflatum
387 1039 471 1062 vocat
487 1035 540 1062 irae
553 1034 670 1071 plenum
687 1034 825 1068 militem,
850 1039 878 1062 et
895 1033 1089 1071 jungendum
1109 1033 1259 1062 artissime
1273 1043 1340 1064 esse

107 1076 170 1104 iltis
185 1077 266 1113 inflet
289 1080 438 1104 monstrat
457 1075 497 1104 id.
516 1075 617 1104 Casin.
634 1075 662 1110 3,
680 1075 710 1112 3,
729 1075 776 1110 19,
799 1076 847 1104 In'c
863 1076 970 1105 Nescio
984 1076 1057 1114 quid
1070 1085 1100 1105 se
1113 1077 1242 1113 sufflavit
1255 1078 1343 1106 uxori

105 1127 177 1153 suoe,
194 1118 267 1147 item
284 1118 389 1148 iratus.
423 1115 610 1157 [Praeterea]
635 1123 680 1147 est
695 1118 768 1146 item
786 1118 893 1146 modus
910 1118 1110 1147 Lucretianus
1125 1118 1341 1148 continuandae

106 1160 237 1190 orationi
253 1161 430 1190 inserviens.
476 1163 483 1176 ‘
498 1161 566 1196 Sed,
582 1160 638 1189 ersi
655 1170 780 1198 pergere
796 1160 826 1189 in
843 1161 951 1189 eodem
966 1166 1146 1198 argumento
1161 1161 1260 1198 juvat,
1273 1161 1341 1198 jam

106 1202 185 1232 serio
208 1203 323 1241 loquar,
347 1213 384 1231 ne
407 1208 507 1231 cetera
528 1212 649 1240 quoque
676 1203 778 1232 ridens
805 1212 979 1241 percurram
1007 1200 1210 1240 (jocabundus
1233 1202 1342 1232 leviter

105 1246 312 1283 pertractem),
330 1250 362 1274 ut
377 1244 591 1284 quijoc1tlaria
610 1245 769 1283 percurrit,
786 1245 818 1273 id
833 1245 899 1281 est,'
918 1251 951 1274 ut
965 1245 1063 1276 solent
1077 1244 1223 1283 aretalogi
1238 1254 1341 1275 coram

106 1288 188 1324 vulgi
205 1288 326 1317 circulis
342 1287 371 1316 in
389 1288 495 1326 plateis
513 1297 608 1324 nugas
623 1297 692 1316 suas
708 1287 853 1325 proferre.

148 1331 283 1364 25—27.
310 1329 391 1369 [olim
408 1329 497 1368 dant]
522 1331 637 1359 ‘solent
653 1329 744 1364 dare,’
762 1329 912 1368 frequenti
934 1339 991 1358 usu
1006 1338 1033 1359 V.
1050 1330 1118 1359 olim
1139 1329 1172 1358 in
1192 1329 1340 1368 exemplitz

104 1378 136 1402 et
150 1372 411 1402 similitudinibus.
444 1371 520 1411 [Sed
541 1370 654 1411 tamen]
673 1372 731 1401 Hae
748 1372 914 1410 particulae,
937 1378 971 1400 ut
984 1371 1161 1410 simpliciter
1174 1373 1340 1408 sedetiam,

103 1421 171 1454 post
187 1416 354 1452 longiorem
371 1415 567 1453 parenthesin
584 1415 784 1453 interruptam
800 1415 969 1443 orationem
985 1414 1152 1452 excipiunt.
1173 1414 1214 1444 B.

146 1458 196 1487 29.
222 1455 369 1497 [Nautoe]
385 1466 418 1483 z
432 1456 579 1497 ἔμποροι,
594 1462 777 1491 mercatores,
794 1467 822 1486 v.
836 1457 865 1486 6.

145 1500 195 1530 33.
221 1499 318 1540 [Nam
333 1502 462 1538 exemplo
473 1498 533 1539 est]
558 1502 565 1515 ⁶
577 1509 723 1538 perquam
738 1500 867 1528 libenter
882 1498 964 1528 enim
976 1499 1032 1528 hoc
1047 1498 1194 1537 sapientis
1203 1498 1339 1528 bestiolae

102 1543 245 1581 exemplo
268 1549 396 1571 utuntur
407 1543 447 1578 †.’
462 1558 504 1564 —
521 1542 639 1582 [magui
648 1540 779 1580 formica
801 1539 926 1580 laboris]
949 1541 981 1570 in
1005 1542 1094 1580 prosa
1115 1550 1158 1571 or.
1183 1541 1339 1578 ‘formica‚

102 1587 216 1615 animal
230 1585 333 1622 magni
351 1585 482 1614 laboris?

143 1627 279 1658 36—40.
303 1625 411 1667 [Quae]
437 1626 469 1656 id
485 1632 540 1662 est,
565 1628 572 1642 ‘
584 1631 615 1656 at
638 1626 693 1656 ea.’
705 1626 974 1664 —-[t'nver8um—
986 1623 1136 1664 annumt]
1162 1626 1209 1656 De
1228 1626 1339 1656 bruma

100 1670 247 1708 loquitur,
265 1680 301 1699 ex
320 1671 380 1708 qua
397 1670 479 1698 velut
494 1679 589 1698 novus
605 1669 734 1698 circulus
755 1669 817 1698 sive
838 1678 943 1698 cursus
965 1668 1038 1697 anni
1060 1678 1174 1706 semper
1197 1669 1340 1699 vertentis

103 1711 254 1752 (Macrob.
271 1713 334 1741 Sat.
356 1712 383 1746 l,
403 1711 440 1741 14
456 1711 466 1750 )
484 1712 643 1740 exordium
663 1711 752 1749 capit.
798 1711 855 1740 Pro
875 1710 985 1740 hiemis
1005 1717 1107 1740 autem
1128 1710 1215 1748 signo
1233 1710 1337 1749 Aqua·

100 1755 182 1784 rium
204 1755 300 1793 ponit,
326 1764 512 1792 quamquam
539 1754 671 1792 proprie,
698 1759 731 1782 ut
757 1753 800 1782 ait
826 1753 1006 1791 Porpliyrio,
1037 1753 1192 1782 ‘maxime
1215 1753 1279 1783 sole
1303 1752 1337 1783 in

101 1797 238 1836 Aquario
264 1798 429 1827 constituto
456 1802 651 1834 tempestates
684 1796 844 1825 horrendae
873 1802 904 1824 et
932 1796 1044 1831 frigora
1072 1795 1210 1832 ingentia
1237 1795 1338 1825 solent

100 1850 176 1870 esse.
220 1840 271 1869 Sol
301 1846 403 1869 autem
435 1839 546 1868 transit
579 1839 608 1867 in
643 1838 813 1876 Aquarium
849 1846 930 1867 xvn.
963 1838 1030 1867 Kal.
1063 1837 1244 1868 Februarias
1279 1837 1335 1876 (15

99 1880 252 1922 Januan),
274 1882 305 1911 in
330 1892 365 1911 eo
387 1887 434 1911 est
458 1882 565 1911 diebus
589 1889 666 1910 xxx.
694 1891 790 1919 usque
816 1881 854 1910 ad
882 1888 964 1910 xvu.
991 1880 1059 1910 Kal.
1086 1876 1335 1919 Maru—[con-

99 1923 218 1964 tristat]
250 1930 284 1954 ut
315 1925 396 1962 Virg.
428 1924 484 1954 Ge.
515 1923 544 1958 3.
576 1923 648 1959 279,
678 1925 755 1953 unde
783 1925 963 1963 nigerrimus
991 1924 1104 1952 Auster
1131 1922 1280 1952 Nascitur
1306 1926 1338 1953 et

101 2036 204 2068 riqiza,
221 2037 250 2061 tu
263 2034 388 2067 (Sulpici)
400 2035 432 2060 de
442 2036 524 2064 nocte,
543 2035 574 2059 ut
591 2035 645 2059 tuis
661 2034 859 2058 consultoribus
875 2033 1051 2064 reupondeae:
1066 2033 1114 2058 ille
1125 2033 1166 2063 (L.
1179 2032 1334 2064 Lucullus),

95 2072 127 2094 ut
142 2077 179 2099 eo,
196 2077 246 2101 quo
258 2069 382 2097 intendit,
399 2070 503 2092 mature
513 2075 573 2092 cum
584 2068 702 2092 exercitu
715 2068 863 2098 perveniat.
901 2067 938 2091 Te
952 2067 1095 2098 qallorum,
1111 2067 1191 2091 illum
1209 2067 1335 2092 buccina-

97 2109 158 2128 rum
169 2104 265 2126 cantus
276 2102 429 2126 exsuscitat.

131 2135 147 2151 ⁸
168 2134 288 2165 [Nolim]
308 2135 360 2159 Csr.
375 2134 465 2158 locum
477 2133 652 2158 simillimum
666 2132 723 2157 Sat.
737 2133 760 2162 2,
775 2132 798 2163 7,
812 2133 853 2158 24.

131 2166 145 2195 ἢ
165 2167 290 2192 Proverb.
304 2168 340 2192 vi.
354 2168 378 2197 6,
402 2167 473 2191 Vade
492 2167 528 2191 ad
540 2166 693 2196 formicam,
711 2174 725 2189 o
739 2167 823 2197 piger,
842 2167 866 2190 et
883 2165 1022 2190 considera
1032 2165 1090 2190 viat
1104 2164 1159 2195 dus
1169 2165 1196 2189 et
1212 2165 1283 2190 disee
1293 2171 1338 2190 ua-

91 2201 235 2232 pientiam,
256 2207 324 2231 qum,
346 2208 426 2232 quum
438 2207 491 2224 non
506 2199 601 2224 habeat
617 2200 708 2223 ducem
721 2206 767 2223 nec
778 2200 965 2229 praeceptorem
978 2205 1023 2223 nec
1035 2198 1195 2230 principem,
1210 2198 1336 2230 paratius

96 2234 190 2259 oeaetate
201 2233 288 2258 cibum
299 2234 350 2257 tibi
363 2235 388 2258 et
398 2234 538 2264 conyreyat
549 2234 579 2257 r’n
591 2239 677 2262 mesae,
691 2232 760 2263 quod
769 2232 896 2256 comedat.

130 2267 143 2296 1
160 2266 214 2291 cfr.
227 2266 364 2290 Theocriti
379 2267 416 2296 13,
433 2267 474 2297 26,
486 2266 671 2298 τετραμμένον
690 2264 779 2296 εἴαρος·
792 2263 850 2295 ἤδη,
863 2267 892 2289 et
903 2263 1020 2288 Homeri
1030 2263 1242 2295 περιπλομένων,
1261 2273 1336 2296 περι-

91 2299 270 2332 στελλομένων
280 2298 413 2324 ἐνιαυτῶν.
