1390 2586
143 115 226 158 260
576 115 942 144 INTERPRETATlo.
1245 0 1385 159 [ευηέῑ

141 216 232 254 plane
257 215 418 253 respondet
442 218 579 243 nostrum
605 214 716 248 attach,
740 218 774 242 ut
799 213 909 242 dicitur
937 211 1046 250 aliquis
1067 213 1188 248 tentari,
1223 202 1372 249 aeterne&

143 259 225 288 bello.
239 274 280 279 -—
294 256 397 297 [saper
417 255 483 295 hoc]
508 259 515 272 ‘
529 261 637 294 praeter
653 256 718 291 hoc,
742 256 779 284 ad
800 255 929 285 hoc.’--
942 253 1096 294 [Luculli]
1122 256 1130 270 ‘
1147 255 1249 290 Nune,
1273 251 1372 295 «ῃιιιιίἥἲ

141 301 214 330 satis
229 301 361 337 locuples
377 299 452 328 mihi
468 299 581 333 videor,
598 299 680 327 nulla
691 299 754 336 jam
769 299 903 326 carmina
917 307 1074 336 compono,
1091 306 1212 335 prorsus
1235 303 1268 326 ut
1282 296 1346 327 mil‘

141 342 192 372 ille
210 343 338 373 Luculli.
362 351 456 379 quum
473 341 630 379 pecuniam
647 347 751 369 nactus
767 347 856 377 esset,
877 338 976 369 uoluit
991 349 1092 368 rursus
1108 339 1283 369 discrimina
1298 341 1334 369 be
1371 371 1372 374 Ἴ

141 385 262 414 subire.’
273 400 315 405 -—
327 381 384 423 [acl
398 381 507 421 assem]
532 385 539 398 ¹
553 383 591 411 ad
607 393 702 411 assem
721 382 881 417 ultimum:
905 387 938 411 ut
961 391 1054 420 quum
1077 381 1205 410 dicimus
1227 382 1268 411 ad
1282 376 1376 414 unu&

140 437 244 456 ornnes.
261 442 302 447 -—-
319 424 408 465 [sibi]
431 433 552 464 propter
569 425 794 462 negligentiam,
818 425 879 462 qua
901 434 1003 454 zonam
1024 421 1235 461 (βαλάντιον,
1252 416 1374 465 pvcree)'‘3

140 470 322 507 perdiderat.
338 485 380 489 —
397 466 487 507 [loco]
511 468 663 501 ‘castello,
691 467 771 504 quod
795 466 1000 495 defendebant
1031 465 1217 495 Mithridatis
1246 444 1375 504 milite&

141 521 192 540 eos
218 511 408 548 depulit.'—
425 508 546 549 [divite]
570 510 737 548 Porphyrio
760 509 911 547 significat
933 508 975 537 ibi
1002 507 1188 537 Mithridatis
1213 507 1374 564 thesauro}

140 553 294 583 fuisse.—
311 551 426 591 [donis]
451 553 641 587 militaribus,
668 551 760 580 hastis
776 551 868 589 puris,
884 551 1028 589 phaleris,
1047 559 1157 579 corona
1173 549 1292 586 murali,
1313 550 1366 580 &e-

140 611 182 618 ·-
196 593 315 635 [saper]
334 597 341 610 ‘
352 594 495 633 insuper:
507 610 547 615 ——
561 591 630 632 [sub
645 592 712 633 hoc]
731 595 739 610 ¹
751 594 851 632 paullo
866 599 933 631 post
949 593 1004 622 hoc
1019 592 1156 630 tempus!
1168 608 1211 613 —
1222 588 1374 637 [proetorf

141 648 179 667 ex
208 638 379 675 antiquiore
414 636 576 666 Latinitate
602 646 656 674 pro
685 637 789 671 ‘duce‚
819 631 1251 674 imperatore.’—[evertere]
1277 626 1375 674 etiamsi

141 680 172 709 in
196 681 285 718 prosa
307 690 348 708 or.
367 679 427 709 Cic.
445 680 501 723 Οίξ.
522 679 548 710 1.
564 678 614 712 24,
637 680 673 708 de
688 679 901 708 evertendis
924 677 1157 716 diripiendisque
1171 677 1303 713 urbibus,
1318 675 1377 718 ξσὲ

140 738 182 744 ·-
199 720 314 761 [catus]
343 724 350 737 ‘
363 722 498 756 callidus,
513 721 649 756 astutus,’
668 721 844 750 vocabulum
863 719 1019 749 Sabinum.
1357 714 1376 755 ,ἶ

184 765 317 794 41-45,
343 762 473 803 [Romae]
500 765 507 778 ‘
521 763 633 792 Similis
657 763 746 801 hujus
770 762 872 791 militis
894 762 1003 790 rationi
1026 771 1094 790 mea
1113 770 1234 799 quoque
1257 765 1312 796 est,
1334 747 1376 792 1ιέ

141 807 195 836 tibi
214 808 339 846 jamjam
356 806 526 844 exponam.’
537 822 578 826 —
595 803 749 844 [contigit]
775 806 782 820 ‘
794 805 867 833 mihi
883 805 965 833 enim
981 803 1107 840 contigit
1122 813 1186 832 esse
1203 809 1262 831 tam
1279 798 1377 841 selicifff

141 855 175 879 ut
190 850 304 888 optimo
320 854 404 887 patre
421 848 462 877 sic
482 849 600 877 volente
617 857 675 876 non
695 846 844 882 Venusiae,
860 847 912 876 sed
931 847 1035 875 Romae
1053 846 1198 874 educarer
1211 850 1302 883 atque
1319 839 1375 876 hie*

141 892 272 930 primum
289 892 365 920 lecto
385 891 516 920 Homero
539 890 652 919 Graecis
666 889 773 918 litteris
796 889 989 918 instituerer.'
1001 904 1043 909 ——
1056 886 1146 926 [plus
1168 885 1260 924 artis]
1286 882 1378 917 ‘eur-F>

141 941 217 964 turae
233 933 392 963 exactioris
407 943 451 967 ea,
474 942 564 970 quam
587 933 691 961 Romae
715 933 874 960 dumtaxat
888 931 1002 968 degens
1025 930 1100 959 mihi
1122 939 1226 968 parere
1253 923 1378 968 potuis-'²-

142 987 215 1012 sem,
243 982 276 1005 ut
298 976 495 1014 philosophiae
519 975 624 1004 morali
647 984 770 1012 operam
796 974 871 1003 dans
892 974 1035 1002 virtutem
1060 973 1246 1009 distinguere
1263 981 1281 1001 a
1296 967 1379 1010 vitiq‘v

142 1019 362 1048 discerem.'-—
379 1016 511 1057 [vellem]
552 1019 559 1032 ‘
577 1022 609 1045 ut
634 1017 770 1045 arderem
798 1016 899 1045 studio
928 1015 990 1044 veri
1015 1011 1369 1053 reperiendi.’—[Aea··

141 1059 234 1099 demi]
254 1061 397 1099 Eupolis:
424 1059 482 1089 'Ev
497 1058 633 1094 εὐσκίοις
647 1056 811 1099 δρόμοισιν
827 1054 1012 1098 Ἀκαδὴμου
1028 1055 1109 1093 Θεοῦ,
1126 1057 1224 1085 herois
1241 1055 1379 1098 antiqui&

142 1103 339 1133 Academicos
354 1103 446 1141 igitur
468 1102 547 1131 inter
569 1102 695 1130 aliarum
713 1101 939 1139 disciplinarum
956 1100 1093 1128 doctores
1108 1099 1204 1128 audiit
1219 1101 1256 1128 ab
1272 1096 1371 1136 iisque

143 1146 257 1181 didicit,
283 1155 386 1174 verum
402 1145 553 1182 quomodo
569 1154 635 1173 cum
653 1144 800 1182 perpetua
815 1149 916 1172 tamen
937 1141 1045 1181 ἐποχῇ
1060 1141 1303 1178 investigandum
1319 1136 1378 1172 sit-³*

183 1188 316 1218 46—51.
349 1185 506 1226 [emovere]
531 1189 539 1202 ⁴
553 1187 592 1223 vi,
607 1185 655 1215 cui
672 1186 769 1214 resisti
785 1195 846 1214 non
862 1189 990 1223 poterat,
1007 1183 1218 1222 expulere.’—
1229 1178 1373 1223 [Civilis]

143 1231 310 1260 Construe:
333 1234 422 1259 aestas
448 1230 515 1259 belli
540 1229 634 1258 civilis
658 1238 707 1256 me
731 1228 832 1257 rudem
857 1225 958 1266 (belli)
982 1226 1050 1255 tulit
1069 1227 1100 1254 in
1122 1235 1216 1262 arma,
1237 1223 1374 1263 imagin&

142 1273 303 1311 desumpta
332 1273 368 1301 ab
398 1278 531 1301 torrente
559 1271 662 1299 omnia
691 1279 792 1299 secum
813 1267 942 1308 ferente,
964 1267 1141 1306 abripiente.
1157 1283 1198 1288 —-
1216 1264 1368 1308 [lacertis]

143 1314 331 1344 ‘fortitudini
361 1324 395 1343 ac
422 1313 585 1352 potentiae‚'
627 1313 713 1350 quasi
746 1313 783 1341 de
813 1312 959 1340 luctatore
985 1309 1252 1339 robustissimo.—
1268 1306 1372 1348 [simul

139 1355 282 1396 primum]
309 1356 510 1394 Frequentius
524 1361 570 1384 est
585 1360 617 1385 ut
629 1356 767 1394 primum,
786 1355 837 1383 ubi
852 1355 988 1392 primum,
1004 1353 1134 1382 simulac.
1149 1368 1189 1373 —
1201 1348 1368 1392 [Philippi]

143 1409 219 1429 caeso
247 1400 341 1429 Bruto
369 1404 399 1428 et
423 1399 526 1427 Cassio
548 1406 578 1427 A.
596 1406 626 1427 υ.
639 1405 666 1426 c.
692 1396 763 1431 712.
778 1412 821 1417 -
846 1393 995 1435 [Decisis]
1021 1395 1083 1424 cie.
1103 1395 1142 1423 ad
1168 1395 1229 1423 Att.
1247 1394 1276 1428 4,
1291 1395 1321 1429 2,
1337 1394 1368 1431 5,

142 1443 230 1472 iidem
245 1443 300 1477 illi,
323 1442 374 1480 qui
396 1443 467 1470 mihi
479 1442 586 1479 pinnas
600 1441 774 1474 inciderant,
796 1439 898 1467 nolunt
912 1438 1027 1467 easdem
1042 1437 1166 1466 renasci.
1183 1452 1223 1457 —-
1241 1432 1368 1476 [fundi]

145 1485 248 1516 Quum
271 1490 337 1522 post
353 1483 509 1512 Octaviani
530 1488 560 1512 et
576 1482 700 1512 Antonii
724 1481 880 1510 victoriam
899 1481 1006 1508 horum
1030 1479 1179 1508 veteranis
1195 1478 1260 1516 agri
1274 1478 1370 1516 assig-

142 1532 296 1562 narentur,
319 1526 383 1563 ipse
406 1535 526 1563 quoque
546 1530 706 1563 paternum
721 1523 850 1552 fundum
865 1527 895 1552 et
910 1523 1034 1551 domum
1048 1521 1158 1555 amisit,
1183 1527 1217 1550 ut
1231 1530 1268 1550 ex
1285 1526 1370 1559 parte

143 1570 250 1598 saltem
281 1568 381 1598 etiam
402 1568 546 1605 Virgilius
575 1573 605 1596 et
633 1566 838 1596 Tibullus.—
862 1563 1048 1604 [paupertas
1077 1560 1209 1602 impulit]
1250 1562 1373 1592 Ironicss'

143 1611 311 1650 hyperbole
334 1620 404 1639 usus
426 1610 498 1639 dicit
513 1620 544 1639 se
559 1609 664 1648 primis
679 1608 740 1637 suis
756 1607 890 1636 versibus
915 1606 1029 1645 (satiris
1049 1612 1079 1635 et
1093 1605 1212 1644 epodis)
1229 1604 1370 1634 omnibu·

143 1654 350 1683 demonstrare
375 1653 514 1688 voluisse,
543 1653 639 1690 majus
662 1651 718 1680 sibi
743 1649 901 1687 ingenium
926 1658 1000 1684 esse,
1028 1657 1120 1686 quam
1143 1653 1177 1676 ut
1202 1647 1234 1676 in
1259 1647 1370 1686 scripto

143 1696 316 1734 quaestorio,
332 1705 421 1733 quem
435 1699 632 1732 compararat,
649 1698 884 1722 consenesceret.

185 1738 318 1773 52—57.
345 1735 527 1776 [habentem]
560 1737 742 1774 ‘Postquam
763 1735 869 1770 habeo,
890 1733 972 1772 quod
986 1732 1061 1762 mihi
1084 1731 1155 1761 satis
1174 1731 1213 1760 sit
1227 1731 1370 1769 quodque

144 1781 248 1810 deesse
266 1790 326 1810 non
343 1781 451 1809 debeat
469 1780 507 1808 ad
523 1779 615 1807 vitam
631 1777 786 1807 commode
803 1777 982 1814 degendam,
999 1782 1060 1804 tam
1075 1774 1200 1803 insanus
1215 1783 1322 1808 essem,
1344 1772 1370 1802 si

144 1823 274 1852 scribere
289 1832 391 1851 versus
407 1823 527 1850 mallem
545 1831 635 1859 quam
651 1821 683 1849 in
700 1821 780 1848 diem
795 1819 935 1852 dormire,
952 1822 985 1847 ut
1000 1817 1193 1855 quantumvis
1208 1821 1253 1845 est
1265 1815 1370 1845 cicuta

144 1875 301 1903 nunquam
317 1870 416 1903 posset
432 1864 503 1893 satis
519 1874 567 1892 me
582 1873 756 1902 expurgare,
773 1867 880 1890 aestum
896 1860 1032 1889 febrilem
1048 1859 1245 1896 refrigerare)
1291 1857 1370 1887 Plin.

145 1909 196 1943 25,
218 1908 265 1943 12,
299 1909 409 1936 Cicutae
436 1908 539 1936 semini
564 1910 593 1935 et
613 1904 700 1944 foliis
727 1902 952 1942 refrigeratoria
978 1903 1031 1932 vis.
1047 1917 1088 1922 —
1109 1898 1242 1940 [euntes]
1281 1899 1370 1929 Ovid.

145 1950 182 1980 A.
211 1951 247 1979 A.
275 1950 345 1984 362,
377 1949 506 1978 Ludite.-
535 1952 631 1978 eunt
659 1948 730 1976 anni
754 1956 830 1976 more
851 1946 974 1983 fluentis
999 1954 1146 1983 aquae.—
1163 1939 1367 1982 [extorquere]

146 1992 259 2021 ‘invito
289 1991 385 2027 mihi‚’
417 2001 476 2029 quo
504 2001 531 2020 v.
556 1990 707 2028 significat
729 1999 760 2018 se
790 1989 886 2017 multo
912 1986 1008 2024 magis
1034 1986 1163 2015 retinere
1190 1993 1298 2022 cupere
1324 1983 1370 2013 fn-

145 2035 288 2064 cultatem
302 2035 449 2072 poeticam
473 2043 563 2071 quam
579 2037 676 2062 cetera
691 2032 807 2060 ludicra
827 2029 922 2069 (Epp.
941 2029 968 2065 l,
986 2028 1012 2064 l,
1031 2027 1145 2066 10).—
1157 2025 1245 2066 [quid
1254 2023 1370 2066 facium

144 2079 188 2106 vis
198 2075 230 2116 ?]
255 2077 334 2106 ‘Sed
350 2076 518 2105 cedendum
533 2081 578 2104 est
594 2073 782 2103 necessitati!

187 2120 237 2154 58,
262 2120 313 2149 59.
345 2116 513 2158 [Carmine]
550 2119 677 2154 ‘genere
707 2115 822 2153 lyrico,’
853 2118 886 2143 ut
911 2113 949 2142 ad
979 2113 1102 2142 Florum
1131 2110 1263 2140 scribens
1289 2109 1367 2149 Epp.

149 2161 175 2196 l,
190 2161 219 2197 3,
236 2162 286 2196 24,
309 2171 359 2190 sea
378 2162 478 2190 condis
497 2161 620 2189 amabile
640 2168 816 2188 carmen.—
830 2153 966 2195 [iambis]
991 2155 1047 2184 ‘ad
1065 2153 1236 2183 Archilochi
1263 2161 1369 2181 exem-

145 2205 212 2242 plar
227 2203 408 2241 compositis,
424 2208 458 2232 ut
477 2208 547 2231 sunt
564 2201 738 2239 Epodi.'—
752 2195 906 2239 [Bioneis]
931 2198 1007 2227 Bion
1023 2195 1260 2235 Borysthenites,
1279 2194 1369 2223 disci-

145 2246 236 2285 pulus
253 2245 464 2284 Theophrasti,
486 2245 640 2282 exemplar
662 2242 799 2280 Luciani,
818 2241 920 2271 floruit
934 2241 1012 2269 circa
1027 2239 1074 2268 01.
1092 2238 1160 2273 120,
1183 2236 1370 2275 Cyrenaicae,

146 2294 214 2328 post
243 2288 365 2326 Cynicae
389 2293 477 2317 sectae
506 2287 652 2316 addictus.
703 2285 789 2323 Diog.
822 2284 920 2313 Laert.
945 2282 974 2319 4,
997 2282 1055 2311 52:
1087 2278 1216 2320 Εῠφυής
1244 2277 1288 2315 ῆν
1319 2277 1371 2308 καὶ
