1390 2586
23 123 85 157 au.
100 130 125 155 ι.
138 119 208 162 aa]
459 115 833 148 mraamarum.
1187 111 1266 154 241

0 192 3 227 Ι

14 223 215 264 *potitam
238 229 370 260 eamque
385 229 448 250 una
463 229 533 249 cum
557 217 610 248 illo
631 216 787 247 volumine
804 215 843 245 ad
862 215 1049 254 Augustum,
1064 214 1270 244 Maecenatem

0 230 155 307 ruboque
177 266 312 296 fautores
333 269 365 294 et
387 263 501 293 amicos
523 261 648 292 missam
669 270 746 290 esse.
791 260 958 298 Utcunque
973 269 1006 288 se
1022 268 1058 288 ea
1077 268 1126 288 res
1151 258 1270 294 habuit,

0 300 131 346 ζΝῑῇῚιιιι
156 310 285 349 aliquem
307 307 458 343 editurus,
481 305 591 336 festiva
614 304 724 334 ludens
748 303 874 341 dilogia,
896 303 1007 332 eadem
1037 311 1106 332 cum
1133 303 1208 331 cura
1237 307 1269 331 et

0 349 224 390 lfflcitudine
247 361 319 382 eum
343 350 474 380 dimittit
496 359 531 379 ac
554 347 698 378 dominus
720 347 876 376 servulum
891 345 947 375 sibi
965 355 1081 381 carum,
1099 345 1150 384 qui
1171 355 1267 384 prope

0 399 80 438 μὴ
94 395 197 426 liberti
212 394 389 425 conditione
403 399 504 429 utens,
519 398 607 422 extra
621 391 747 420 domum
764 390 892 420 herilem
915 389 1038 427 evagari
1064 398 1098 418 ac
1122 388 1266 419 liberiore

7 439 84 473 »M
95 438 156 470 frui
169 439 263 478 cupit,
284 447 393 468 verum
414 442 540 476 propter
555 435 613 464 hoc
627 434 728 473 ipsum
745 433 863 471 multis,
876 433 907 462 in
922 433 1029 471 primis
1052 431 1267 471 corruptionis,

11 476 163 524 *riculis
182 481 340 522 expositus
362 486 418 510 est.
463 479 629 510 Rationem
662 477 792 507 eandem
818 476 882 506 fere
912 476 967 506 tibi
997 475 1089 514 finge,
1116 485 1185 514 quae
1209 475 1268 505 fuit

7 526 101 559 :flur
113 526 294 556 ciceronem
310 530 342 554 et
357 524 514 558 Tironem,
530 521 667 552 Atticum
683 527 714 550 et
730 520 854 556 Alexin,
869 519 982 559 quibus
996 519 1092 549 servis
1103 518 1268 548 carissimis

9 569 136 605 mini
163 569 213 599 vix
239 568 410 607 quidquam
435 575 548 605 negare
572 570 722 604 poterant.
767 564 825 593 Per
849 569 944 593 totam
967 569 1071 592 autem
1095 561 1267 601 Epistulam

8 612 108 654 meri
123 612 245 642 delicati
261 618 293 641 et
307 610 427 641 venusti
449 609 519 640 libri
541 608 656 648 duplex
679 608 781 646 imago
795 606 908 636 mirum
924 606 955 636 in
971 607 1098 636 modum
1113 605 1268 644 permixta

5 655 190 689 moonfusa
202 661 257 686 est.

37 695 94 739 ⁴21,
106 700 136 730 2.
161 695 377 740 [Vertumnus]
402 697 478 726 deus
492 695 630 726 omnium
653 694 900 724 vicissitudinum
916 703 951 723 ac
966 692 1173 722 mutationum
1191 691 1270 731 (Sat.

10 740 96 781 ΠΊ,
113 741 180 783 14),
196 743 268 772 hinc
282 742 376 771 etiam
393 742 400 756 ‘
411 740 630 770 vertendarum
652 738 771 768 rerum’
789 738 820 767 id
836 743 892 773 est,
907 737 1109 766 emendarum
1125 742 1156 765 et
1171 745 1266 765 vena-

17 785 105 824 }hm,
128 787 168 816 ad
193 787 307 816 Forum
335 785 368 814 in
397 783 464 813 vico
491 782 622 812 Turario
647 792 670 811 s.
698 781 799 811 Tusco
827 781 973 810 sacellum
1003 789 1073 810 cum
1103 779 1267 809 simulacro

0 827 161 866 'Nebna
183 829 216 859 in
239 830 326 867 cujus
349 827 462 857 vicinia.
484 832 550 856 erat
565 826 662 855 Jamts
678 823 775 865 (Epp.
790 825 820 857 2.
838 824 867 859 7,
886 823 958 862 14);
982 823 1024 853 ibi
1040 823 1133 852 etiam
1150 822 1267 852 librarii

8 872 91 910 *a
113 874 256 903 tabernas
277 878 309 901 et
331 871 409 911 pilas
433 870 511 910 (Sat.
529 869 557 906 l,
574 869 603 906 4,
620 868 671 904 71.
696 869 733 898 Α.
751 868 784 898 Ρ.
803 866 893 906 373),
918 867 973 896 sed
995 867 1121 896 lenones
1143 875 1267 904 quoque

8 920 55 949 Q
73 916 249 946 meretrices
270 915 401 945 fornices
423 923 494 943 suos
519 913 684 942 habebant.
698 927 741 933 ——
758 908 909 951 [prostes]
933 911 1061 940 verbum
1087 909 1269 947 ambiguum

9 957 62 993 ὢ
87 959 197 999 quavis
225 968 337 994 merce,
366 957 459 987 etiam
489 957 526 986 de
556 955 768 985 meretricibus
796 961 827 984 et
855 953 963 984 scortis
993 951 1269 993 (prostibulis).—

33 1001 136 1043 ῶωίι]
159 1002 267 1032 fratres
280 1002 365 1032 fuere
380 1000 564 1039 bibliopolae,
578 998 740 1029 memorati
755 998 848 1027 etiam
866 998 902 1027 A.
918 997 950 1027 P.
966 997 1039 1027 345.
1055 1013 1097 1018 -
1115 993 1268 1036 [pumice]

82 1053 144 1077 tem
167 1047 416 1076 membranarum
440 1042 635 1077 exteriorem,
651 1052 720 1081 quae
735 1041 871 1080 asperior
886 1037 943 1076 est,
957 1041 1078 1080 pumice
1095 1040 1271 1078 levigabant

9 1092 55 1130 σᾷ
73 1090 232 1130 poliebant
250 1088 462 1127 glutinatores.
507 1086 618 1116 Catull.
642 1085 670 1121 l,
689 1086 719 1115 2.
754 1085 792 1115 lt.
816 1085 867 1120 22,
890 1084 921 1119 6,
944 1085 1056 1114 chartae
1079 1085 1180 1123 regia,
1204 1083 1272 1113 novi

10 1132 104 1170 mn',
127 1133 208 1164 Novi
229 1133 373 1167 umbilici,
396 1132 472 1161 lora'
485 1131 587 1165 rubra,
609 1129 780 1159 membrana
804 1129 932 1158 Directa
951 1129 1080 1167 plumbo,
1103 1131 1133 1156 ee
1151 1128 1270 1166 pumice

10 1179 121 1209 annia
141 1180 270 1216 aeqnata.
314 1174 440 1205 Pumice
454 1174 528 1203 item
546 1173 686 1202 homines
702 1172 894 1201 delicatiores
914 1181 1037 1201 crurum
1053 1170 1133 1211 pilos
1148 1171 1270 1200 detere-

12 1221 108 1254 ihm.
153 1220 242 1249 Ovid.
259 1220 297 1249 A.
314 1219 351 1248 A.
370 1217 398 1252 l,
413 1217 486 1251 506,
502 1216 568 1246 Nec
583 1221 636 1246 tua
651 1216 783 1246 mordaci
794 1216 911 1254 pumice
925 1225 1016 1244 crura
1031 1218 1119 1244 teras.
1165 1222 1170 1227 ·

66 1263 98 1301 3,
113 1263 142 1294 4.
166 1261 280 1303 [claves
293 1257 489 1301 et—sigilla]
514 1259 677 1289 Librorum
693 1259 851 1288 volumina
866 1258 896 1287 in
914 1257 1012 1297 capsis
1027 1257 1272 1292 asservabantur,

13 1316 100 1347 -quas
111 1307 143 1336 in
159 1306 278 1336 scriniis
292 1303 410 1335 domini
425 1304 518 1333 anulo
533 1303 661 1340 signatis
675 1302 898 1332 custodiebam.
943 1302 992 1331 Sic
1007 1300 1101 1330 etiam
1116 1300 1274 1330 interdum

12 1349 354 1387 mxores,concubinae‚
369 1347 455 1387 pueri
479 1346 601 1376 delicati
625 1346 707 1375 domi
732 1346 762 1374 in
786 1345 925 1374 custodia
948 1344 1170 1379 retinebantur,
1187 1343 1272 1372 ostiis

12 1393 126 1434 uffillo
140 1393 278 1423 munitis.
324 1391 399 1421 Haec
422 1396 526 1420 autem
548 1389 614 1429 ipsa
636 1388 774 1419 custodia
795 1397 892 1427 puero
910 1389 1030 1427 pudico,
1043 1392 1137 1427 grata
1151 1386 1273 1420 accidit,

12 1439 124 1477 ocinum
151 1437 195 1466 ita
220 1437 286 1475 ejus
315 1434 446 1464 fidelitas
471 1438 559 1463 extra
584 1442 675 1462 omne
702 1432 831 1461 dubium
858 1438 999 1470 ponatur.
1015 1447 1059 1452 —
1075 1427 1272 1470 [communia]

14 1480 139 1511 *witam
154 1479 330 1509 liberiorem
345 1477 376 1507 in
394 1477 467 1507 locis
482 1475 632 1515 publicis!
677 1475 758 1505 Loca
777 1476 940 1504 communia
955 1479 1058 1503 autem
1075 1473 1168 1503 etiam
1185 1473 1274 1512 lupa-

14 1523 115 1555 taria
128 1523 287 1553 honestius
302 1521 553 1551 nominabantur.
598 1520 724 1554 Seneca,
741 1518 846 1547 Contr.
866 1517 892 1552 1,
909 1518 938 1553 2,
954 1527 982 1556 p.
999 1517 1050 1548 95.

38 1588 41 1591 >
69 1567 165 1598 5—8.
190 1563 309 1607 [Fuge]
333 1565 367 1594 ‘1
389 1573 483 1602 nunc,
503 1562 627 1602 proripe
651 1568 680 1591 te
703 1561 735 1591 in
762 1561 907 1590 Forum:'
932 1562 1014 1600 quod
1035 1568 1131 1598 quum
1152 1559 1185 1589 in
1209 1559 1275 1589 loco

15 1609 122 1654 'flauo
135 1615 167 1639 et
181 1609 292 1639 humili
315 1613 404 1643 esset,
420 1616 456 1637 eo
470 1606 560 1636 ituris
582 1605 817 1636 descendendum
842 1609 908 1634 erat
931 1614 970 1634 ex
996 1604 1124 1633 collibus
1147 1602 1275 1642 propin-

14 1664 20 1680 «
42 1651 45 1656 ’
71 1652 116 1684 ⁶⁸:
140 1653 214 1683 hinc
229 1662 258 1683 v.
273 1651 432 1692 proprium
447 1655 494 1680 est
508 1651 546 1679 de
563 1649 652 1678 Foro.
698 1649 757 1678 Sed
773 1648 866 1677 etiam
882 1647 914 1677 in
931 1647 1061 1677 fornices
1075 1657 1100 1676 s.
1115 1646 1278 1685 lupanaria

14 1698 21 1725 1
73 1696 115 1726 mi
144 1697 288 1735 depressa
314 1694 564 1724 descendendum
594 1688 876 1732 erat—[emisso]
914 1690 1037 1728 Dilogia
1066 1690 1104 1719 de
1132 1699 1229 1730 puero
1258 1698 1276 1718 e

15 1739 168 1773 ‘modia
186 1739 281 1769 semel
304 1738 417 1768 emisso
431 1742 463 1767 et
477 1737 516 1766 de
530 1736 609 1765 libro
628 1735 720 1765 edito.
735 1751 778 1757 —
794 1732 937 1775 [laeserit]
961 1735 999 1763 de
1020 1733 1118 1763 libro:
1143 1733 1214 1763 ‘ubi
1238 1733 1276 1762 ab

15 1780 144 1823 *niquis
159 1782 236 1812 meis
251 1782 331 1812 male
346 1785 494 1819 exceptus
518 1779 577 1809 eris
592 1789 627 1809 ac
642 1779 680 1808 de
696 1785 726 1808 te
740 1778 886 1813 dixerint,
914 1778 987 1810 Quis
1002 1778 1080 1817 leget
1095 1778 1157 1807 haec
1167 1778 1182 1807 ?
1224 1776 1278 1806 Vel

15 1824 88 1866 *a
109 1827 157 1857 vel
175 1826 288 1856 nemo!
312 1825 351 1854 de
373 1833 480 1864 puero,
503 1822 547 1852 ‘si
572 1822 641 1861 quis
664 1821 846 1861 pudicitiam
870 1827 955 1850 tuam
979 1821 1091 1851 laeserit
1114 1818 1278 1860 (violarit),

15 1868 96 1907 fim
110 1878 181 1899 vero
196 1869 309 1898 frustra
322 1877 427 1897 meum
447 1865 598 1896 auxilium
621 1864 819 1904 implorabis.'
835 1880 878 1885 -—
894 1862 949 1904 [In
975 1865 1058 1895 breve
1081 1868 1109 1894 te
1133 1861 1214 1903 cogi]
1240 1863 1278 1892 de

15 1908 118 1995 ltro,
141 1912 217 1942 ‘scis
231 1918 261 1942 te
276 1917 394 1941 arctum
410 1910 442 1939 in
458 1910 602 1939 volumen
628 1908 803 1948 complicari
819 1915 849 1938 et
864 1907 896 1937 in
913 1908 1004 1946 capsa
1019 1907 1136 1946 reponi,
1155 1916 1194 1936 ex
1216 1906 1279 1945 qua

15 1965 19 1982 τ
140 1965 157 1985 e
180 1965 340 1994 nunquam
370 1958 477 1993 postea
505 1962 610 1982 rursus
639 1951 812 1991 promare:’
850 1951 888 1980 de
913 1960 1020 1990 puero,
1052 1951 1210 1979 ‘desertus
1239 1951 1278 1979 ab

15 2011 18 2025 ι
82 2004 166 2030 ιῐοῐε
189 1998 220 2028 in
244 1997 402 2036 angustias
426 1995 594 2034 redigeris)
610 2011 652 2017 —
670 1992 809 2035 [plenus]
833 1999 868 2023 ut
891 1995 952 2024 Sat.
970 1995 1000 2030 2,
1015 1995 1045 2028 2,
1062 1993 1112 2028 43,
1136 1998 1164 2023 et
1189 1993 1279 2023 Ovid.

17 2063 20 2067 «
54 2048 67 2049 ”
87 2042 194 2078 Ponto,
210 2042 241 2078 3,
264 2043 293 2076 4,
308 2041 360 2077 55,
384 2040 443 2070 Illa
465 2040 539 2069 bibit
558 2039 672 2074 sitiens,
699 2039 791 2068 lector
813 2048 877 2067 mea
896 2038 1003 2077 pocula
1024 2038 1141 2076 plenus,
1164 2038 1278 2073 ‘satur‚

101 2085 411 2124 diosus.’—Languet
431 2087 536 2112 autem
551 2088 582 2112 et
596 2082 719 2111 auditor
741 2082 788 2111 vel
812 2082 905 2111 lector
921 2079 1066 2120 (Quintil.
1083 2081 1113 2116 9,
1130 2079 1159 2116 3,
1176 2078 1232 2119 27)
1248 2084 1279 2109 et

83 2130 171 2168 eujus
186 2137 272 2158 amor
286 2126 416 2157 refrixit.

62 2172 106 2207 -9,
125 2172 173 2202 10.
198 2168 298 2211 [odio]
321 2171 352 2200 b.
369 2171 388 2199 l.
404 2175 438 2199 ut
453 2178 544 2208 saepe,
561 2168 678 2198 accedit
700 2168 739 2198 ad
761 2168 815 2198 irae
839 2172 870 2197 et
893 2167 976 2197 taedii
1000 2166 1101 2206 potius
1125 2175 1217 2205 quam
1240 2166 1279 2196 ad

93 2214 198 2245 uitatis
213 2214 433 2243 notionem.——
445 2210 629 2252 [peccantis]
646 2212 684 2241 de
699 2211 787 2247 libro,
803 2212 811 2227 ‘
822 2220 1016 2250 praepropere
1032 2210 1081 2240 edi
1097 2209 1248 2249 cupientis
1259 2210 1278 2246 ;’

119 2258 150 2288 'a
172 2258 254 2287 inest
276 2257 308 2286 in
330 2267 376 2292 eo,
391 2256 475 2294 quod
489 2265 517 2285 v.
529 2265 654 2295 peccare
676 2260 842 2293 usurpatur
864 2254 958 2284 etiam
980 2254 1018 2283 de
1040 2253 1211 2283 amantium
1232 2253 1281 2283 in-

97 2301 184 2331 litate
198 2306 230 2330 et
243 2309 355 2330 venere
374 2299 544 2329 illicita—
558 2296 665 2339 [aetas]
690 2303 725 2328 ut
740 2296 818 2339 ὥρα,
832 2298 863 2327 h.
880 2298 899 2327 l.
917 2298 954 2327 de
970 2296 1185 2327 adolescentia.

50 2336 58 2390 J
80 2343 130 2382 ll,
149 2343 198 2375 12.
223 2340 468 2385 [Contra-talus]
508 2342 576 2372 Hoc
604 2351 728 2382 quoque
756 2352 784 2372 v.
814 2351 869 2381 per
900 2339 1048 2413 diloghiiam
1077 2340 1183 2371 utitur.
1220 2338 1283 2370 Cfr.
