1390 2586
36 86 39 88 ’
109 110 280 150 monas]
494 110 870 142 mTERPRETA‘mo.
1219 96 1307 156 285

60 211 272 255 ›ges-269.
298 210 470 250 [Idem-one
491 210 600 252 vager]
624 210 634 228 ‘
649 211 715 242 Hac
735 211 827 242 venii
851 211 917 251 ipse
941 222 1065 251 quoque
1088 214 1203 243 abusus
1229 214 1305 244 scri-

67 251 159 286 2sne›
184 255 251 286 sine
278 255 341 284 ullo
370 260 453 284 certo
478 255 605 285 consilio
630 264 746 290 versus,
778 256 888 294 spretis
917 256 1159 286 accuratioribus
1183 257 1303 295 legibus

35 322 42 326 ,
98 292 206 333 tricis?
229 307 356 338 sperans
373 297 514 328 videlicet
539 308 600 328 non
626 298 766 337 quemvis
791 299 945 335 lectorem,
973 299 1069 329 immo
1091 299 1303 338 paucissimos,

0 373 4 380 ‚
188 341 481 372 animadversuros?
526 341 579 371 An
605 341 742 376 fortasse,
767 342 921 371 contrario
948 352 1051 372 errore
1074 348 1170 379 actus,
1195 349 1302 382 putem

0 393 5 402 f
53 383 59 419 J
92 376 94 385 ’
119 393 153 415 es
167 385 294 424 quidem
311 384 428 414 visuros
443 395 508 414 esse
525 394 594 414 mea
609 390 743 424 peccata,
766 386 820 414 sed
843 385 941 414 nihilo
962 386 1065 415 minus
1091 396 1108 415 a
1133 388 1302 425 reprehen-

80 435 139 458 e·
152 433 253 459 tutum
276 436 326 457 me
347 427 487 465 arbitrer,
511 428 679 458 dummodo
695 438 830 463 caveam,
855 438 893 458 ne
910 438 1015 458 versus
1032 429 1123 458 nimis
1139 430 1238 460 scabri
1254 431 1303 460 vel

62 468 88 505 ζ’
109 480 140 501 m
159 480 284 511 prorsus
307 468 440 512 ἅμετροι
462 471 539 500 mihi
563 471 676 510 passim
698 471 867 501 excidant?
914 472 1029 501 Verum
1046 473 1190 511 equidem
1208 478 1303 503 tantae

68 511 76 515 ”
117 513 242 552 igentiae
271 523 430 553 nunquam
461 523 532 544 reus
564 515 634 544 fiam
649 526 656 550 ;
690 524 761 544 nam
792 515 918 555 denique
949 514 995 554 (al
1026 517 1102 550 Iast5
1132 515 1214 556 afler
1243 516 1302 555 all)

92 566 174 594 vmem
203 556 330 596 quidem
360 557 642 596 reprehensionem,
674 559 796 588 laudem
837 568 919 596 vero,
956 568 1048 597 quam
1073 569 1189 598 quaero,
1218 561 1302 598 apud

74 600 85 624 s
113 606 159 631 tos
173 601 295 640 judices
317 610 380 630 non
395 601 579 631 invenirem.
619 601 709 631 Hanc
724 601 822 640 ipsam
838 607 941 630 autem
959 603 1082 631 laudem
1099 603 1190 632 unice
1206 613 1300 642 appe-

33 640 180 682 &erunt
198 643 311 673 summi
338 644 515 673 Graecorum
543 649 652 683 poetae,
671 646 754 674 omni
781 645 971 683 negligentia
992 655 1097 675 severe
1122 646 1179 675 sibi
1203 646 1300 676 inter-

30 685 35 694 “
49 705 67 726 3-
79 691 93 710 ἰ-
112 681 200 721 ntes:
239 686 383 726 quocirca
411 697 472 724 νοε,
510 688 647 724 Pisones,
684 688 739 717 hos
771 697 892 717 mecum
922 688 1110 727 sequimini.y
1125 705 1168 710 —
1181 687 1299 730 [tutus]

35 735 38 740 “
56 736 67 752 -2
97 750 107 761 .
122 739 150 760 v-
166 729 221 760 28.
234 746 278 751 —
291 728 391 770 [intra
409 728 507 770 spem]
534 732 542 746 ‘
555 740 626 760 eum
644 731 786 760 ultimum
805 731 896 760 finem
913 731 996 761 haud
1017 733 1179 767 excedens,
1203 743 1301 772 usque

97 782 190 812 quem
205 782 328 812 sperare
350 773 439 803 liceat
456 783 505 802 me
521 774 741 813 reprehensum
759 784 820 804 non
837 774 948 804 iri.’—
965 773 1181 815 [exemplaria]
1208 777 1216 792 ‘
1228 786 1299 815 per-

38 823 48 851 1
88 825 136 846 os
151 817 300 855 cujusque
311 816 434 854 generis
449 816 612 855 scriptores
628 817 772 847 Graecos.’

55 852 66 882 -Ϊ
84 858 264 895 270—273.
290 857 366 899 [At]
392 860 400 875 ‘
414 859 474 895 At:
491 859 604 899 inquit,
618 862 767 900 ‘majores
781 860 886 899 magni
904 860 1001 890 fecere
1017 861 1181 892 Plautum.'
1206 863 1214 878 ⁴
1227 862 1299 893 Uti-

46 932 52 937 „
73 903 124 939 e,'
139 903 303 941 respondet
320 908 421 942 poeta,
437 904 446 919 ‘
457 904 510 932 sed
527 909 652 942 propter
667 904 725 933 hoc
741 904 851 943 ipsum,
876 903 958 942 quod
982 905 1172 943 exemplaria
1189 906 1299 936 Graeca

45 963 54 980 ρ
71 959 84 970 1<
119 945 194 976 satis
209 952 319 975 norant
334 955 434 984 neque
451 946 597 976 eximiam
615 946 725 976 horum
739 947 959 986 perfectionem
976 954 1208 987 perspexerant,
1219 959 1298 989 prae-

52 1004 55 1013 ι
70 1002 73 1012 =
88 993 162 1018 tere
173 988 357 1028 judicarunt
368 989 406 1018 de
423 989 523 1018 Plauti
537 995 570 1019 et
585 990 723 1020 versibus
740 996 770 1020 et
786 990 925 1020 facetiis:

82 1030 156 1067 274-
181 1029 321 1072 [digitis]
339 1032 450 1071 quibus
466 1042 527 1062 non
542 1038 604 1063 tam
621 1033 803 1072 simpliciter
815 1039 1019 1063 numerantur
1031 1044 1175 1064 versuum
1192 1036 1297 1074 pedes,

42 1105 52 1111 ⁴,
71 1089 75 1102 t
91 1084 133 1104 m
149 1075 268 1114 pollicis
283 1075 346 1105 ictu
362 1081 507 1105 notantur
523 1075 646 1117 ἄρσεις,
670 1083 703 1106 ut
719 1076 749 1106 in
767 1077 970 1116 symphoniiS,
992 1078 1044 1107 ubi
1060 1082 1192 1117 tempora
1206 1080 1298 1110 etiam

44 1126 60 1138 ³
75 1119 138 1156 ''mo
151 1120 316 1149 metiuntur
329 1123 359 1149 et
371 1119 480 1158 pedum
496 1123 525 1149 et
541 1120 704 1160 digitorum
721 1121 782 1150 ictu
805 1121 965 1150 intervalla
979 1122 1102 1160 signant
1118 1123 1297 1161 quibusdam

67 1176 79 1185 w
94 1161 103 1170 ⁶
117 1183 126 1192 .
170 1161 322 1194 Quinctil.
339 1162 369 1197 9,
385 1161 415 1197 4,
431 1161 483 1192 51.

82 1203 263 1241 275-277.
287 1203 461 1245 [Ignotum]
486 1205 570 1238 Quia
587 1205 725 1235 maxima
745 1205 882 1244 epistolae
905 1216 975 1245 pars
992 1212 1131 1237 versatur
1147 1207 1178 1236 in
1197 1209 1296 1243 poesis

54 1257 67 1270 ‘-
89 1247 167 1278 nicae
179 1247 349 1287 praeceptis,
362 1254 444 1278 recte
457 1248 486 1278 h.
499 1249 520 1278 l.
533 1258 582 1278 vv.
596 1248 765 1284 275—288
781 1250 945 1279 adumbrat
961 1250 1118 1280 historiam
1136 1252 1295 1290 tragoediae

42 1309 59 1324 A·
84 1291 243 1321 eomoediae
259 1292 386 1327 Graecae,
410 1291 522 1330 quibus
548 1292 596 1321 vel
618 1297 743 1331 propter
760 1302 806 1322 vv.
823 1293 992 1328 258—274
1016 1301 1215 1332 opponuntur
1234 1296 1294 1325 La-

51 1334 76 1360 -“
92 1343 174 1364 ·rum
190 1334 223 1364 in
240 1334 288 1364 his
299 1334 464 1372 generibus
476 1334 598 1371 fabulae,
611 1341 641 1365 et
654 1335 779 1373 quidem
793 1345 830 1365 ex
842 1337 928 1374 justa
941 1337 1119 1366 meritorum
1134 1338 1295 1377 utriusque

49 1393 51 1395 ·
80 1376 173 1407 tionis
187 1377 415 1407 existimatione
431 1378 469 1407 de
485 1378 523 1407 iis
534 1378 675 1417 judicare
692 1378 822 1409 videtur.
834 1395 876 1400 -
890 1376 1050 1419 [Thespis]
1078 1381 1111 1409 ln
1130 1381 1177 1410 his
1193 1382 1295 1412 omni-

118 1420 240 1450 videtur
262 1421 349 1460 sequi
374 1421 567 1459 grammatici
592 1422 638 1451 vel
666 1421 802 1451 historici
827 1422 957 1462 alicujus
980 1424 1080 1452 Graeci
1104 1424 1294 1462 opinionem,

34 1462 98 1493 isi
113 1463 178 1503 ipse
193 1464 350 1502 tragoediae
366 1470 398 1493 et
413 1465 571 1494 comoediae
583 1465 751 1503 primordia
763 1465 1101 1505 confudit.—Thespis
1117 1477 1171 1506 pro
1186 1468 1294 1498 inven-

43 1509 112 1538 ‹re'
127 1507 286 1545 tragoediae
309 1507 489 1537 habebatur.
534 1508 648 1537 Chron.
674 1509 740 1538 Par.
758 1509 810 1546 58,
833 1518 861 1547 p.
885 1508 956 1542 301,
982 1509 1136 1539 Boeckh.:
1159 1508 1231 1551 Ἀφ’
1255 1508 1294 1542 οὗ

48 1546 162 1587 ’σπις
179 1548 197 1580 ὁ
220 1550 365 1588 ποιητὴς
381 1548 532 1591 [ἐφάνη],
557 1552 691 1592 πρῶτος
712 1550 750 1586 ὃς
773 1549 895 1585 ἐδίδαξε
918 1549 1081 1592 [ὃρ]ἇ[μα
1105 1551 1140 1583 ἐν
1163 1552 1294 1595 efflei-[ze

14 1592 15 1595 ’
57 1590 94 1624 αὶ
107 1589 223 1634 Urbs„
233 1591 252 1624 ὁ
269 1591 432 1635 [τ]ράγος
445 1591 584 1634 [ἆθλον]
601 1593 658 1632 ἔτη
672 1593 1077 1636 ΗΗΠ[ΔΔ]-ᾶρχοντος
1091 1593 1292 1640 Ἀ3[ἡνησι]

46 1643 50 1670 ζ·
69 1657 79 1673 ‚
101 1658 110 1666 .
133 1659 141 1667 .
158 1636 255 1668 ναίου
278 1637 337 1667 τοῦ
361 1634 533 1678 προτέρου.
580 1638 692 1670 ·Quod
717 1638 755 1667 ad
776 1648 893 1667 annum
918 1639 1039 1672 attinet,
1062 1640 1292 1671 consistendum

0 1677 6 1700 ἵ
47 1714 50 1717 Δ
73 1686 112 1709 ue
133 1679 165 1709 in
193 1680 316 1719 Olymp.
343 1679 396 1716 61,
420 1682 547 1719 ejusque
570 1681 669 1710 tribus
693 1681 846 1719 prioribus
872 1682 983 1711 annis)
1010 1683 1141 1713 Boeclrlz.
1167 1694 1195 1713 a.
1218 1685 1291 1716 Chr.

0 1747 3 1755 ζ
44 1753 47 1758 ,
67 1725 93 1749 ’⁴¹
142 1722 216 1756 534.
232 1724 289 1752 sub
306 1723 472 1753 Pisistrato.
483 1740 527 1744 —
539 1722 722 1764 [plaustris]
749 1725 842 1754 Error
858 1725 908 1754 hic
924 1732 1008 1755 ortus
1025 1726 1147 1756 videtur
1162 1737 1200 1756 ex
1218 1738 1291 1758 con-

47 1778 50 1781 *
97 1775 156 1796 one
171 1776 240 1796 cum
257 1766 304 1803 iis,
322 1776 391 1805 quae
411 1765 454 1796 τὰ
469 1764 503 1797 ἐκ
518 1768 588 1796 τῶν
610 1765 749 1808 ἁμαξῶν
765 1770 922 1798 vocabant.
963 1769 1092 1799 Suidas:
1118 1769 1159 1799 τὰ
1176 1768 1209 1800 ἐκ
1224 1772 1292 1802 τῶν

85 1807 184 1844 azam·
210 1807 266 1840 ἐπὶ
290 1810 359 1840 τῶν
380 1806 683 1851 ἀπαρακαλύπτως
708 1809 945 1842 σκωπτόντων·
968 1809 1133 1850 Ἀθὴνησι
1162 1813 1228 1854 γὰρ
1255 1812 1292 1845 ἐν

97 1853 168 1882 τῶν
186 1853 285 1883 Χοῶν
300 1850 397 1894 ἑορτῇ
419 1851 447 1882 οἶ
467 1850 675 1892 κωμάζοντες
698 1851 750 1884 ἐπὶ
771 1855 839 1884 τῶν
855 1852 996 1894 ἁμαξῶν
1012 1855 1090 1892 τοὺς
1106 1854 1291 1887 ἀπαντῶν-

65 1905 98 1932 ς
110 1893 285 1926 ἔσκωπτόν
301 1905 336 1926 τε
352 1895 407 1926 καὶ
422 1892 623 1937 ἐλοιδόρουν·
636 1895 674 1927 τὸ
687 1895 714 1927 δ’
731 1895 814 1927 αὐτὸ
830 1898 883 1928 καὶ
900 1899 971 1935 τοῖς
983 1899 1134 1935 Ληνεὶοις
1150 1897 1292 1942 ὕστερον

51 1937 182 1969 οιόυν.
227 1939 320 1969 Certe
344 1939 594 1977 antiquissimum
618 1950 717 1970 scenae
740 1950 838 1978 genus
861 1948 926 1970 erat
950 1952 1010 1970 non
1034 1943 1215 1981 plaustrum,
1238 1945 1291 1974 sed

68 1983 74 1990 A
94 1991 133 2019 ις,
157 1978 307 2023 τράπεζα
332 1980 470 2022 ἀρχαῖα,
496 1980 542 2022 ἐφ’
566 1981 612 2019 ἣν
635 1982 700 2024 πρὸ
725 1981 884 2020 θέσπιόος
907 1981 952 2021 εἷς
978 1994 1028 2020 τις
1058 1983 1195 2025 ἀναβὰς
1221 1988 1294 2023 τοῖς

86 2025 210 2062 ιευταῖς
235 2023 449 2065 ἁπεκρίνατο.
474 2026 582 2055 Pollux
607 2026 641 2066 4,
669 2025 952 2067 123.—[saecibus
977 2026 1047 2067 ora]
1074 2031 1132 2058 ‘ne
1161 2039 1289 2068 cognos-

43 2128 54 2150 2
65 2129 66 2133 =
79 2120 156 2148 ντες
171 2109 284 2141 αὐτῶν
302 2109 364 2147 τὰς
378 2108 460 2148 θέας
473 2109 936 2154 Ἀγνωστοφανῶς·-εεά
952 2115 1079 2144 fortasse
1096 2121 1216 2146 tantum
1226 2117 1290 2156 joci

43 2158 53 2179 Ἀ
74 2152 212 2184 'lasciviae
227 2155 330 2184 causa.
376 2154 491 2184 Verum
508 2155 574 2185 haec
588 2156 691 2194 potius
707 2157 745 2186 ad
762 2157 876 2195 primas
893 2158 1052 2188 comoediae
1069 2158 1203 2197 origines
1218 2170 1289 2200 per-

47 2202 59 2216 '·
71 2200 144 2234 ent,
167 2197 226 2227 nisi
243 2197 347 2226 omnia
362 2197 432 2226 ficta
446 2203 517 2227 sunt
533 2208 571 2228 ex
587 2208 615 2228 v.
631 2197 809 2240 τρυγῳδία.

75 2238 150 2277 278,
163 2239 236 2276 279.
262 2238 432 2280 [personae]
453 2241 520 2271 Hoc
531 2241 691 2271 inventum
708 2243 849 2273 nonnulli
862 2244 1039 2273 tribuebant
1049 2245 1114 2283 jam
1129 2245 1290 2286 Thespidi,

44 2314 46 2317 ,
85 2278 111 2312 *e
136 2283 251 2314 Suidfi:
278 2284 411 2324 πρῶτον
434 2282 496 2324 μὲν
521 2283 643 2325 χρίσας
670 2284 709 2315 τὸ
736 2285 921 2328 πρόσωπον
947 2285 1188 2328 ἐτραγῴδησεν,
1219 2289 1288 2319 εἶτα

46 2327 49 2329 ’
71 2322 210 2368 ’ράχνῃ
223 2324 406 2358 ἑσκέπασεν
425 2325 462 2358 ἐν
484 2327 533 2368 τῷ
553 2325 810 2370 ἐπιδείκνυσθαι,
829 2329 883 2360 καὶ
898 2329 982 2371 μετὰ
998 2332 1106 2362 ταῦτα
1121 2329 1290 2373 εἰσήνεγκε
