1390 2586
133 103 212 146 160
558 103 924 135 INTERPRETATIO.
1269 100 1375 144 [sn.-

127 210 219 242 atque
235 203 331 232 amico
345 203 423 232 male
439 202 517 232 dixit
528 203 545 236 ς’
570 209 604 232 ut
618 203 650 232 in
664 202 821 240 Euripidis
838 202 945 231 Oreste
958 188 985 230 v}
1001 201 1071 236 264,
1087 197 1202 237 Μὲθες·
1215 198 1260 240 μί’
1275 199 1356 231 οὖσα

128 247 196 275 τῶν
215 244 301 285 ἐμῶν
321 243 489 284 Ἐρινύων,
516 243 627 275 Μέσον
650 242 681 285 μ’
702 242 866 284 ὀχμάζεις,
885 241 929 279 ὡς
947 241 1058 284 βάλῃς
1075 242 1108 279 ἐς
1122 240 1356 284 Τάρταρον.-

1379 0 1390 61 ἕ

129 285 302 327 [splendida
319 285 400 326 bilis]
431 287 487 316 Bili
505 289 642 317 morbose
659 288 851 316 condensatae
872 291 902 315 et
926 291 1085 324 propterea
1102 286 1234 323 asphalti
1257 285 1356 324 specie
1383 322 1386 323 ⁷

127 330 350 368 splendescenti
370 340 387 358 a
407 330 532 358 medicis
554 330 743 359 tribuebatur
762 325 1208 368 μελαγχολὶα.-[Ορὶηιίιι.ς]
1235 327 1356 357 ‘Homo

127 373 261 410 ignotus,
279 372 331 410 qui
347 372 485 410 quamvis
501 373 586 401 dives
607 378 686 401 esset
704 371 770 400 auri
794 376 825 400 et
844 370 962 408 argenti
985 370 1066 399 domi
1085 370 1117 399 in
1137 371 1208 399 arcii
1231 369 1356 406 conditi,

127 414 327 444 nihilominus
338 424 498 452 pauperem
518 423 549 443 se
571 423 635 443 esse
656 414 795 449 ducebat,
818 419 849 441 et
870 422 924 451 pro
943 412 1033 451 inope
1056 421 1088 442 se
1106 413 1240 450 gerebat,
1261 412 1305 440 ita
1323 417 1358 441 ut

132 458 323 487 Veientanum
347 457 489 486 rubellum
514 457 610 493 (Pers.
635 457 664 491 5,
690 455 776 493 147),
799 455 904 484 vinum
927 455 1059 490 acidum,
1083 455 1172 492 quale
1197 453 1357 492 provenire

127 500 244 528 solebat
262 498 352 534 Veiis,
371 498 455 527 festis
475 498 591 533 diebus,
607 498 746 536 profestis
762 506 900 535 vappam,
915 497 1019 526 vinum
1038 506 1160 535 prorsus
1181 501 1359 534 corruptum

128 542 177 571 vel
201 541 300 570 multa
320 542 400 578 aqua
425 541 556 570 dilutum
580 541 696 570 biberet
719 549 753 569 ac
773 539 865 568 trulla
885 544 1032 574 uteretur,
1054 548 1116 568 non
1135 539 1280 576 argentea
1302 547 1359 567 nec

128 583 290 612 murrhina
307 582 355 619 (ut
370 584 508 612 solebant
523 581 673 622 ditiores),
688 583 741 612 sed
757 587 876 612 tantum
891 581 987 618 fictili,
1002 581 1106 619 quales
1121 580 1360 610 conficiebantur

126 626 159 655 in
175 625 367 663 Campania!

174 667 349 698 146—156.
373 665 491 706 [ovans]
521 668 562 696 Ut
577 668 757 705 triumphare
773 666 926 702 dicuntur,
943 665 995 703 qui
1010 664 1122 703 gaudio
1138 665 1301 700 exsultant,
1316 663 1359 694 sic

129 710 222 739 etiam
237 707 463 748 avara—[hoc
485 708 555 749 age]
584 710 619 738 ln
640 709 780 747 auspiciis
805 713 835 738 et
857 707 1011 737 sacrificiis
1031 707 1212 745 incipiendis
1231 708 1283 736 hoc
1304 716 1360 745 age

130 762 149 782 a
171 762 310 791 praecone
333 752 565 787 inclamabatur,
591 761 650 790 quo
670 761 774 780 omnes
795 756 896 780 essent
918 750 1029 779 intenti
1049 749 1094 778 rei
1115 749 1237 784 divinae,
1260 757 1360 786 neque

131 795 299 833 quidquam
320 795 404 823 aliud
425 795 578 823 mentibus
602 794 816 831 agitarent.--
829 789 973 832 [inopem]
1001 793 1228 826 ‘extenuatum‚
1243 791 1360 820 viribus

130 838 263 875 corporis
288 834 636 875 privatum.'—[ve71ae]
658 837 666 852 ‘
680 841 829 874 quatenus
854 845 961 872 corpus
985 834 1134 872 sanguine
1158 834 1245 862 alunt
1264 833 1360 862 vires-

131 889 190 918 que
220 879 382 913 reficiunt;
414 879 563 916 sanguine
590 873 1132 915 exhaurientur.’--[ptisanarium]
1161 871 1320 912 πτισάνη,
1340 883 1360 904 a

131 919 270 957 πτίσσω,
300 921 397 959 pinso,
422 921 547 950 sorbitio
573 930 610 950 ex
637 921 716 958 aqua
738 920 874 949 fervente
898 925 929 948 et
954 919 1069 947 hordeo
1093 918 1284 955 plerumque,
1309 917 1360 946 hic

130 965 235 1002 oryza,
252 963 397 993 confecta.
408 980 450 985 —
463 961 668 1002 [Octussibus]
697 962 845 992 Dicebant
865 965 978 991 octa-ese
994 966 1024 990 et
1039 961 1210 996 octussibus,
1230 964 1360 990 centusse

130 1011 162 1035 et
176 1007 367 1036 centassibus.

177 1048 244 1083 157.
269 1046 369 1087 [Quid
382 1046 491 1087 refert]
515 1048 550 1078 In
566 1047 698 1086 pedestri
715 1056 757 1077 or.
782 1048 790 1063 ‘
801 1045 884 1078 Quid
899 1044 1001 1080 refert,
1013 1046 1157 1074 morbone
1172 1053 1308 1083 peream,
1321 1052 1362 1073 an

131 1090 220 1120 furtis
233 1091 410 1128 rapinisque
423 1090 445 1118 7·
463 1126 465 1129 ι

177 1130 349 1163 158-163.
377 1130 555 1171 [Quisnam]
581 1133 589 1148 ‘
603 1131 720 1167 Omnis,
742 1131 794 1169 qui
810 1139 870 1159 non
885 1134 932 1159 est
952 1130 1074 1164 stultus,
1097 1138 1197 1158 sanus.
1241 1127 1363 1157 Avarus

132 1180 235 1204 autem
252 1185 312 1204 non
329 1176 439 1204 stultus
455 1175 563 1208 solum,
577 1183 680 1203 verum
697 1173 789 1202 etiam
804 1173 939 1202 insanus.
970 1172 1033 1206 Nec
1048 1176 1150 1200 tamen
1165 1180 1204 1199 ex
1218 1180 1264 1206 eo,
1280 1171 1363 1208 quod

133 1217 201 1255 quis
216 1227 277 1246 non
294 1217 332 1246 sit
353 1227 473 1250 avarus,
498 1217 645 1245 continuo
665 1215 765 1253 colligi
786 1220 885 1254 potest
905 1224 975 1243 eum
996 1223 1105 1242 sanum
1123 1218 1215 1250 atque
1235 1213 1363 1250 integrae

132 1260 244 1290 mentis
259 1269 334 1288 esse.
375 1260 450 1288 Aliis
465 1259 547 1288 enim
563 1258 644 1287 vitiis
659 1258 741 1287 idem
757 1257 882 1286 fortasse
897 1257 1087 1294 deturpatur,
1102 1265 1170 1293 quae
1186 1264 1245 1293 quo
1260 1255 1363 1284 minus

133 1311 204 1331 eum
220 1311 275 1340 pro
290 1311 363 1331 sano
377 1302 543 1330 habeamus
556 1306 668 1330 vetant.
701 1301 747 1329 Ab
763 1300 903 1328 omnibus
915 1308 986 1336 ergo
998 1298 1078 1327 vitiis
1093 1298 1169 1326 liber
1180 1297 1219 1326 sit
1233 1301 1362 1335 oportet,

134 1353 226 1382 quem
246 1354 300 1373 nos
317 1344 409 1373 Stoici
431 1354 539 1372 sanum
555 1343 769 1372 vocamus.’—
780 1339 869 1380 [Cur,
885 1342 981 1371 Stoice
992 1338 1024 1380 ?]
1052 1341 1090 1369 Se
1108 1339 1173 1377 ipse
1195 1339 1364 1377 interrogat

135 1387 307 1416 stertinius.
352 1386 388 1415 In
405 1387 492 1424 prosa
508 1395 551 1414 or.
574 1386 581 1400 ‘
595 1385 667 1420 Cur,
685 1394 722 1414 ex
736 1385 806 1413 mea
820 1382 982 1422 disciplina
997 1382 1097 1412 Stoica
1111 1382 1210 1411 dicam
1219 1381 1243 1411 2’
1273 1382 1362 1420 Καρ-

135 1425 186 1458 δία
202 1439 263 1458 non
283 1429 381 1458 solum
402 1438 461 1464 cor,
486 1429 540 1457 sed
560 1429 653 1456 etiam
675 1436 707 1456 os
721 1426 879 1456 ventriculi
901 1425 1070 1463 significat;
1096 1424 1147 1462 qui
1166 1424 1258 1462 hujus
1273 1423 1359 1452 infir-

134 1471 242 1500 mitate
265 1471 391 1506 laborat,
413 1466 646 1511 καρδιακός.-
660 1466 851 1508 [Craterum]
875 1468 1025 1496 illustrem
1047 1466 1168 1495 illorum
1190 1471 1363 1504 temporum

134 1514 301 1548 medicum,
317 1523 376 1551 quo
386 1515 451 1551 jam
463 1513 585 1542 Atticus
601 1522 672 1540 usus
688 1516 762 1540 erat.
791 1511 855 1540 Cic.
869 1511 907 1539 ad
920 1510 982 1538 Art.
1002 1509 1049 1542 12.
1068 1508 1115 1537 14.
1125 1524 1166 1529 -
1177 1505 1285 1546 [Recte
1299 1505 1360 1546 est]

137 1556 200 1585 Cic.
215 1557 254 1584 ad
271 1556 333 1585 Att.
353 1555 380 1590 l,
402 1555 431 1590 7,
451 1556 532 1594 apud
554 1559 676 1584 matrem
700 1557 779 1583 recte
802 1547 1103 1590 esa—[tentantur]
1129 1550 1287 1579 ‘laborant
1309 1555 1363 1578 aut

135 1598 299 1637 pleuritide
325 1604 378 1627 aut
408 1607 518 1627 renum
546 1597 661 1631 morbo,
690 1601 723 1624 ut
749 1605 803 1624 nos
829 1594 887 1632 ipsi
911 1590 1252 1631 videmus.’—[acuto]
1275 1590 1363 1632 ὀξείᾳ

136 1637 235 1678 νόσῳ.
266 1641 345 1670 Cels.
361 1640 390 1675 3,
411 1639 437 1675 l,
454 1640 553 1668 Morbi
568 1639 687 1677 quidam
703 1639 802 1667 breves
815 1637 951 1675 acutique
966 1639 1043 1671 sunt,
1062 1636 1113 1674 qui
1127 1636 1184 1664 cilo
1197 1635 1243 1665 vel
1258 1635 1364 1664 tollunt

137 1684 278 1712 hominem
293 1684 338 1711 vel
353 1683 409 1720 ipsi
424 1684 482 1711 cito
489 1682 650 1720 finiuntur.
694 1679 750 1709 His
764 1684 959 1717 opponuntur
975 1679 1063 1716 longi.

181 1724 251 1760 164,
277 1724 346 1753 165.
373 1721 530 1763 [immolet]
559 1724 566 1738 ‘
581 1722 722 1753 Concedo
747 1722 880 1760 aliquem
903 1720 1067 1750 sceleribus
1089 1728 1150 1748 non
1175 1723 1362 1757 coopertum,

137 1776 199 1796 non
216 1767 373 1805 perjurum
387 1776 452 1795 esse
468 1775 566 1804 neque
587 1766 663 1794 adeo
678 1765 846 1798 sordidum.
873 1768 906 1792 ut
927 1768 1087 1801 propterea
1106 1761 1198 1790 fidem
1220 1761 1312 1790 laedat
1329 1770 1364 1790 ae

137 1809 275 1843 furetur;
300 1809 432 1837 concedo
448 1818 518 1837 eum
534 1807 645 1836 idcirco
663 1806 790 1836 Laribus
810 1805 915 1844 aequis,
939 1805 972 1834 id
995 1810 1052 1839 est,
1076 1813 1136 1832 non
1158 1803 1252 1841 iratis,
1273 1812 1364 1841 porco

137 1851 236 1881 facere
252 1860 338 1889 posse
351 1862 356 1879 :
382 1856 413 1879 et
427 1850 571 1886 eundem,
593 1850 618 1878 si
632 1849 671 1878 sit
684 1848 862 1878 ambitiosus
877 1853 917 1883 et,
942 1856 1002 1885 quo
1017 1845 1174 1876 ambitioni
1189 1845 1378 1881 satisfaciat‚·

138 1895 283 1923 audacter
297 1893 394 1922 multa
413 1893 565 1928 moliatur,
587 1902 605 1921 a
624 1892 732 1929 quibus
752 1890 901 1920 abstineat
924 1890 1016 1918 homo
1037 1889 1201 1923 modestus,
1222 1887 1365 1917 insanum

138 1946 204 1965 esse
224 1945 342 1971 censeo,
361 1945 395 1964 ac
418 1940 577 1974 propterea
600 1934 628 1963 ei
651 1933 835 1972 praecipiam,
858 1938 892 1962 ut
907 1931 1086 1970 Anticyram
1100 1930 1224 1968 naviget
1237 1930 1276 1959 ad
1289 1930 1365 1959 elle-

138 1979 247 2008 borum
261 1977 465 2007 sumendum.’

184 2019 357 2050 166—169.
387 2016 597 2059 [barathrone]
625 2017 803 2056 ‘profundae
824 2026 859 2046 ac
881 2020 966 2045 tetrae
982 2013 1139 2052 voragini,’
1155 2013 1259 2052 quales
1278 2018 1367 2043 erant

140 2072 195 2098 eae,
222 2063 255 2092 in
280 2072 354 2100 quas
377 2062 482 2100 capitis
503 2062 663 2090 damnatos
683 2060 821 2090 solebant
839 2059 1001 2088 detrudere
1018 2057 1147 2086 Athenis
1172 2061 1204 2085 et
1223 2055 1365 2085 Lacedae-

139 2114 241 2134 mone.
287 2105 297 2120 ‘
309 2105 399 2136 Quod
413 2104 438 2133 si
455 2103 522 2142 quis
536 2103 703 2132 ambitione
719 2107 803 2131 actus
817 2109 922 2130 omnes
937 2109 1006 2130 suas
1021 2099 1178 2129 facultates
1196 2097 1366 2135 largitioni-

139 2148 197 2177 bus
221 2146 388 2185 profundit,
419 2156 479 2184 quo
503 2155 607 2174 auram
631 2145 810 2183 popularem
834 2148 935 2181 captet
958 2142 1149 2179 honoresque
1172 2140 1368 2178 adipiscatur,

140 2199 203 2218 non
224 2189 326 2218 minus
345 2189 459 2218 insanit
483 2197 574 2226 quam
593 2187 618 2216 si
638 2187 798 2225 pecuniam
822 2195 908 2214 suam
927 2193 1049 2214 omnem
1068 2184 1102 2212 in
1121 2182 1296 2212 barathrum
1312 2183 1367 2211 de-

136 2231 242 2270 jiciam
267 2241 367 2269 neque
394 2241 464 2260 vero
489 2231 590 2260 minus
614 2230 738 2264 insanit,
767 2228 819 2266 qui
846 2227 940 2266 partis
966 2235 1122 2265 nunquam
1146 2225 1250 2260 utitur,
1273 2224 1368 2254 immo

140 2274 311 2303 necessaria
336 2283 458 2312 quoque
481 2273 538 2302 sibi
564 2267 926 2310 denegate—[Canusi]
958 2268 1079 2307 Apuliae
1102 2266 1260 2306 oppidum,
1283 2266 1367 2295 haud

140 2316 248 2355 procul
260 2325 279 2345 a
294 2315 437 2346 Venusia.
465 2316 527 2345 Sat.
546 2315 574 2351 1,
589 2315 619 2352 5,
635 2314 738 2346 9l.—-
749 2311 885 2353 [antiquo
899 2309 1004 2351 censu]
1029 2311 1108 2350 ‘jam
1122 2314 1209 2349 pater
1223 2309 1367 2348 majores-
