1390 2586
115 107 170 145 94
447 117 759 146 EPISTOLARUM
789 117 876 146 Lm.
899 119 947 147 11.
967 109 1006 147 2.

116 213 290 254 Levabit
309 213 432 262 cultu,
454 213 600 255 virtute
622 214 796 255 carentia
814 214 948 256 tollet:

117 269 317 310 Ludentis
336 270 511 324 speciem
533 270 644 311 dabit
663 279 704 311 et
725 270 988 324 torquebitur,
1011 278 1055 312 ut
1074 271 1143 326 qui

117 325 240 366 Nunc
263 327 464 380 Satyrum,
488 341 594 366 nunc
613 334 813 380 agrestem
836 327 1016 382 Cyclopa
1035 335 1229 369 movetur.

119 381 369 422 Praetulerim
391 381 560 436 scriptor
580 382 729 422 delirus
750 383 936 437 inersque
958 383 1096 431 videri,
1261 383 1336 423 125

122 437 230 478 Dum
254 452 342 478 mea
362 437 564 478 delectent
583 438 685 479 mala
705 453 783 487 me,
806 438 868 478 vel
890 439 1065 494 denique
1085 439 1238 486 fallant,

119 493 254 541 Quam
275 509 414 548 sapere
436 504 476 535 et
496 494 614 549 ringi.
676 494 772 535 Fuit
792 494 894 535 haud
916 495 1104 550 ignobilis
1126 495 1262 551 Argis,

119 549 205 597 Qui
225 564 267 590 se
288 550 474 590 credebat
493 550 612 591 miros
632 551 768 591 audire
789 552 1000 606 tragoedos,

118 605 167 646 In
189 621 314 646 vacuo
335 606 448 647 laetus
468 621 595 646 sessor
615 607 854 662 plausorque
875 607 1053 656 theatr03

119 662 266 702 Cetera
286 662 355 717 qui
377 662 468 703 vitae
488 671 664 704 servaret
683 663 818 704 munia
837 672 946 704 recto
1027 668 1031 673 '
1260 665 1337 703 130

119 717 266 767 More3
300 720 425 758 bonus
446 732 540 759 sane
563 719 728 768 vicinus,
749 719 931 760 amabilis
952 719 1108 774 hospes,

120 773 256 814 Comis
277 774 317 814 in
340 789 518 823 uxorem,
541 783 674 828 posset
693 775 761 830 qui
782 776 989 831 ignoscere
1010 776 1146 826 servis,

119 829 175 870 Et
194 830 310 886 signo
330 830 424 871 laeso
444 846 522 870 non
546 831 718 872 insanire
738 831 915 887 lagenae3

120 886 264 927 Posset
283 887 352 941 qui
374 901 513 941 rupem
535 894 575 927 et
596 896 759 942 puteum
780 888 905 928 vitare
926 894 1145 943 patentem.

118 942 202 983 Hic
222 943 290 983 ubi
312 951 571 998 cognatorum
591 944 733 998 opibus
754 944 938 999 curisque
958 945 1131 986 refectus
1261 947 1337 986 135

120 998 291 1054 Expulit
312 998 515 1039 helleboro
535 1001 717 1040 morbum
741 1000 940 1054 bilemque
961 1015 1130 1050 meraco,

119 1053 175 1095 Et
194 1055 298 1096 redit
316 1055 365 1095 ad
386 1070 485 1104 sese,
511 1061 521 1080 ⁶
538 1057 624 1104 Pol,
646 1072 704 1096 me
722 1058 926 1106 occidistis,
947 1059 1078 1106 amici,

118 1111 210 1151 Non
229 1114 421 1160 servastis,
443 1111 511 1159 ait,
534 1114 597 1152 cui
615 1115 670 1152 sic
689 1119 836 1153 extorta
856 1114 1041 1167 voluptaS,

116 1168 175 1207 Et
194 1169 366 1222 demptus
378 1183 451 1222 per
470 1170 548 1208 vim
570 1171 704 1208 mentis
719 1170 966 1223 qratissimus
985 1170 1117 1209 error.'

120 1223 320 1263 Nimirum
342 1239 481 1278 sapere
503 1232 563 1265 est
582 1225 748 1279 abjectis
769 1225 866 1265 utile
886 1225 1019 1280 nugis,
1261 1227 1338 1265 140

118 1278 175 1320 Et
195 1280 477 1334 tempestivum
498 1281 632 1334 pueris
652 1281 870 1321 concedere
891 1281 1051 1329 ludum;

118 1338 182 1376 Ac
202 1351 280 1376 non
303 1337 424 1376 verba
442 1338 556 1390 sequi
578 1337 721 1378 fidibus
742 1337 983 1378 modulanda
1004 1337 1172 1387 Latinis,

120 1393 200 1432 Sed
221 1407 326 1433 verae
346 1407 613 1447 numerosque
635 1393 851 1448 modosque
873 1394 1048 1434 ediscere
1069 1393 1172 1435 vitae.

119 1447 321 1496 Quocirca
340 1463 496 1488 mecum
518 1449 658 1503 loquor
678 1449 773 1498 haec,
792 1450 1015 1504 tacitusque
1035 1450 1236 1491 recordor:

121 1504 165 1545 Si
187 1504 258 1546 tibi
279 1504 388 1545 nulla
407 1505 514 1545 sitim
536 1505 668 1547 finiret
687 1506 801 1560 copia
819 1506 1006 1561 lymphae,
1262 1508 1338 1546 145

123 1561 314 1601 Narrares
335 1561 520 1602 medicis:
553 1562 673 1616 quod,
696 1570 845 1616 quanto
864 1562 980 1616 plura
999 1561 1158 1617 parasti,

120 1617 255 1658 Tanto
275 1617 389 1671 plura
409 1618 534 1672 cupis,
556 1618 708 1658 nulline
730 1618 890 1658 faterier
909 1617 1064 1659 audes?

122 1673 165 1714 Si
187 1673 330 1714 vulnus
352 1673 422 1713 tibi
444 1674 659 1714 monstrata
682 1674 812 1714 radice
833 1674 897 1714 vel
918 1674 1054 1722 herba,

120 1729 214 1770 Non
238 1729 352 1770 fieret
372 1729 511 1779 levius,
534 1730 695 1785 fugeres
715 1730 846 1771 radice
867 1730 932 1770 vel
952 1730 1089 1780 herba,

121 1785 363 1826 Proficiente
386 1785 497 1834 nihil,
520 1787 703 1827 curarier.
764 1786 976 1836 Audieras,
998 1787 1064 1828 cui
1261 1788 1339 1827 150

123 1841 228 1882 Rem
249 1842 290 1882 di
311 1842 507 1891 donarint,
531 1842 588 1882 illi
610 1842 803 1883 decedere
824 1858 984 1897 pravam

123 1898 342 1939 Stultitiam
360 1913 369 1946 ;
402 1906 454 1946 et,
477 1913 601 1952 quum
621 1899 674 1939 sis
694 1898 819 1939 nihilo
839 1899 1069 1953 sapientior,
1091 1913 1144 1940 ex
1163 1913 1245 1955 quo

122 1954 286 1995 Plenior
307 1968 361 2003 es,
385 1962 515 1994 tamen
540 1955 660 1995 uteris
680 1955 942 1996 monitoribus
961 1954 1121 1996 isdem?

122 2014 180 2052 At
200 2011 232 2051 si
253 2010 402 2051 divitiae
423 2010 658 2064 prudentem
681 2011 846 2052 reddere
867 2019 1042 2066 possent,

124 2067 167 2107 Si
188 2067 376 2121 cupidum
399 2067 663 2121 timidumque
685 2067 815 2107 minus
836 2077 888 2116 te,
912 2082 1057 2123 nempe
1077 2067 1253 2116 ruberes,

122 2123 291 2164 Viveret
310 2124 350 2163 in
374 2123 487 2164 terris
508 2132 547 2164 te
567 2124 599 2164 si
620 2124 709 2178 quis
729 2124 881 2164 avarior
902 2139 993 2165 uno.
1262 2126 1340 2163 156

124 2179 168 2220 Si
189 2180 392 2233 proprium
414 2189 486 2229 est,
509 2179 615 2233 quod
636 2180 724 2234 quis
745 2180 844 2221 libra
865 2188 1061 2221 mercatus
1081 2186 1122 2220 et
1140 2194 1218 2221 aere
1239 2189 1312 2229 est,

124 2235 335 2284 Quaedam,
358 2235 390 2275 si
412 2236 539 2276 credis
559 2236 762 2285 consultis,
785 2236 985 2291 mancipat
1004 2250 1119 2276 ususx

125 2291 209 2340 Qui
230 2299 269 2332 te
290 2292 415 2346 pascit
435 2307 544 2348 ager,
568 2301 659 2334 tuus
679 2300 760 2342 est3
792 2302 832 2334 et
852 2293 1008 2334 villicus
1030 2291 1148 2341 Orbi,
