1390 2586
142 123 194 161 70
424 133 739 161 EPISTOLARUM
770 133 857 162 Lm.
881 134 911 162 1.
936 123 998 171 12,
1025 123 1086 163 13.

430 300 642 328 EPISTOLA
673 301 875 328 :nh—An
904 302 1077 330 lcquM.

146 379 358 422 Fructibus
380 379 577 435 Agrippae
601 379 759 428 Siculis,
783 394 882 434 quos
902 381 1071 436 colligis,
1095 380 1192 430 leci,

145 438 188 478 Si
208 445 316 478 recte
338 436 492 484 frueris,
516 451 597 476 non
618 442 679 476 est
698 444 743 476 ut
762 436 876 490 copia
895 437 1022 491 major

143 493 210 534 Ab
231 493 333 534 Jove
354 492 491 533 donari
513 492 637 546 possit
657 491 751 532 tibi:
785 491 879 533 tolle
901 493 1108 547 querelas·
1098 524 1108 540 ‚

143 549 305 604 Pauper
325 548 433 589 enim
454 563 533 588 non
555 555 627 596 est,
650 548 714 588 eui
733 563 867 588 rerum
886 548 1065 604 suppetit
1085 563 1191 590 usus.

144 605 189 646 Si
209 605 340 645 ventri
360 604 475 652 bene,
498 604 531 643 si
551 603 665 644 lateri
687 611 748 644 est
767 604 1018 659 pedibusque
1039 604 1130 654 tuis,
1152 604 1210 645 nil
1343 608 1369 645 5

140 660 309 702 Divitiae
330 668 519 725 poterunt
538 659 693 715 regales
712 659 859 700 addere
882 662 957 715 maj
965 675 1019 701 us.

144 717 187 758 Si
208 717 342 758 forte
331 731 371 756 1n
395 716 526 756 medio
546 716 766 780 positorum
785 716 1002 757 abstemius
1022 703 1156 758 hei-bis

141 773 255 813 Vivis
277 781 318 813 et
337 772 477 820 urtica,
499 773 555 812 sic
575 771 685 812 vives
705 779 909 826 protenus,
932 779 976 814 ut
996 781 1036 814 te

143 828 368 869 Confestim
389 828 564 882 liquidus
588 827 776 869 Fortunae
796 828 904 869 rivus
924 828 1107 869 inauret:

142 885 222 925 Vel
242 884 336 939 quia
356 893 537 925 naturam
557 891 711 924 mutare
732 884 904 938 pecunia
923 885 1064 934 nescit,
1318 887 1377 927 10‘

141 941 222 981 Vel
241 941 337 995 quia
356 947 501 981 cuncta
519 949 636 995 putas
657 955 736 980 una
757 939 904 981 virtute
925 941 1090 982 minora.

145 996 356 1046 Miramur,
379 997 413 1037 si
434 996 660 1036 Democriti
681 1010 804 1051 pecus
825 995 908 1037 edit
927 996 1080 1062 agellos

144 1053 360 1107 Cultaque,
378 1053 473 1092 dum
494 1067 664 1107 peregre
686 1059 747 1093 est
766 1051 922 1094 animus
942 1053 1028 1094 sine
1049 1067 1214 1117 corpore
1229 1052 1386 1103 velox3·

143 1109 283 1157 Quum
305 1116 349 1149 tu
369 1109 475 1149 inter
494 1108 668 1148 scabiem
690 1115 841 1149 tantam
863 1115 905 1148 et
923 1108 1109 1164 contagia
1129 1109 1229 1150 lucri

142 1165 215 1205 Nil
235 1179 401 1219 parvum
421 1164 564 1219 sapias,
587 1172 628 1204 et
646 1163 776 1205 adhuc
795 1164 981 1206 sublimia
1000 1179 1136 1206 cures:
1317 1167 1367 1206 15

143 1220 250 1269 Quae
270 1235 378 1261 mare
400 1229 654 1274 compescant
674 1234 826 1269 causae3
857 1220 955 1275 quid
975 1227 1174 1276 temperet
1191 1235 1369 1270 annum;

144 1277 281 1318 Stellae
302 1286 444 1331 sponte
464 1291 550 1324 sua,
565 1277 743 1330 jussaene
764 1284 962 1332 vagentur
982 1284 1024 1318 et
1044 1285 1203 1326 errent3

143 1333 255 1381 Quid
276 1340 431 1387 premat
451 1332 663 1373 obscurum
688 1331 828 1381 Lunae,
851 1332 949 1387 quid
968 1333 1143 1388 proferat
1162 1333 1324 1374 orbem·
1313 1364 1324 1382 ,

143 1389 256 1438 Quid
276 1388 374 1429 velit
393 1396 435 1429 et
453 1388 578 1443 possit
596 1403 728 1428 rerum
750 1388 961 1430 concordia
980 1389 1155 1430 discors·
1144 1420 1154 1439 ,

143 1444 422 1500 Empedocles,
445 1459 494 1484 au
520 1444 756 1485 Stertinium
777 1444 920 1485 deliret
938 1459 1119 1486 acumen.
1312 1447 1367 1486 20

140 1502 295 1543 Verum
316 1514 387 1541 seu
407 1501 538 1555 pisces
558 1515 629 1541 seu
651 1514 811 1554 porrum
833 1508 874 1541 et
893 1515 1002 1555 caepe
1023 1501 1208 1550 trucidas,

143 1558 272 1600 Utere
296 1556 492 1611 Pompeio
514 1556 716 1621 Grospho,
739 1565 792 1605 et,
814 1556 847 1597 si
868 1556 964 1611 quid
986 1565 1097 1611 petet
1118 1557 1235 1606 ultro,

139 1614 295 1655 Defer:
329 1613 387 1653 nil
409 1612 618 1667 Grosphus
638 1612 715 1653 nisi
735 1627 874 1652 verum
894 1612 1023 1654 orabit
1041 1621 1083 1654 et
1101 1628 1274 1668 aequum.

139 1670 244 1711 Vilis
263 1669 479 1710 amicorum
502 1676 563 1709 est
581 1682 752 1732 annona,
776 1667 890 1709 bonis
912 1668 980 1710 ubi
1000 1668 1097 1723 quid
1117 1669 1242 1711 deest.

138 1725 205 1767 Ne
225 1734 359 1767 tamen
379 1724 552 1779 ignores,
576 1738 656 1778 quo
676 1723 727 1764 sit
749 1724 932 1765 Romana
952 1724 1037 1766 loco
1057 1739 1143 1767 res:
1311 1727 1366 1767 25

140 1781 343 1823 Cantaber
364 1781 573 1845 Agrippae,
598 1779 742 1820 Claudi
763 1780 911 1821 virtute
934 1780 1108 1822 Neronis

139 1837 358 1879 Armenius
377 1836 543 1877 cecidit:
569 1837 638 1891 jus
658 1835 953 1891 imperiumque
977 1836 1169 1879 Phraates

140 1894 310 1936 Caesaris
329 1893 484 1947 accepit
503 1892 677 1946 genibus
696 1893 851 1933 minor:
882 1907 1004 1934 aurea
1022 1893 1160 1950 fruges

138 1949 267 1992 ltaliae
286 1949 408 2006 pleno
427 1948 612 1989 defundit
634 1947 764 2004 Copia
783 1963 922 1990 cornu.

301 2168 512 2196 EPISTOLA
541 2169 645 2196 XIII
649 2170 762 2197 —AD
793 2169 963 2197 VINIUM
992 2169 1205 2198 ASELLAM.

138 2243 199 2285 Ut
218 2242 535 2298 proficiscentem
557 2243 673 2284 docui
694 2251 734 2285 te
755 2259 862 2300 saepe
883 2244 1047 2299 diuque,

139 2301 326 2355 Augusto
346 2299 489 2341 reddes
509 2299 666 2356 signata
681 2300 898 2354 volumina,
920 2300 1059 2351 Vinni,
