1390 2586
1357 0 1382 87 3

142 110 222 153 194
562 114 924 144 INTERPRETANO.
1230 112 1352 155 [amr.

138 211 230 241 aratri
246 221 300 250 ope
312 212 342 241 in
356 221 426 242 arva
440 211 550 242 fertilia
563 217 688 242 mutatae
701 217 781 242 recte
797 212 938 243 dicuntur
950 214 1056 252 pacari
1064 223 1076 247 ‚·
1096 223 1192 243 vomer
1204 222 1355 244 armorum

138 253 232 283 instar
247 264 296 283 eas
312 256 422 284 domat.

181 296 312 331 47—51.
339 294 492 335 [deduxit]
516 295 674 334 ἀορίστως
695 298 732 326 de
754 302 888 335 tempore
907 302 1061 336 perpetuo.
1106 297 1148 327 Ut
1163 297 1260 327 febres
1273 298 1355 328 deee-

140 339 214 368 dunt
230 339 331 376 (Lucr.
348 340 376 374 2,
393 339 441 368 34.
466 339 542 368 Cels.
559 339 589 374 3,
603 340 649 377 5),
665 340 706 368 sic
725 339 816 368 etiam
840 340 945 369 deduci
965 345 1106 378 possunt3
1128 339 1200 369 alibi
1215 339 1356 370 dicuntur

140 381 232 420 abigi,
256 382 372 418 depelli,
398 380 676 421 tolli.——-[Valeat]
706 381 716 397 ‘
730 382 809 410 Sana
835 382 874 411 sit
897 391 982 411 mens
1009 381 1041 411 in
1064 391 1187 420 corpore
1212 381 1358 411 sano?—

144 421 247 462 [juvat
262 424 342 452 illum
357 421 416 461 sic]
440 424 447 439 ‘
461 424 616 452 dominum
631 425 720 453 modo
735 424 895 462 pecuniam
910 424 1084 454 corradendi
1099 424 1254 462 cupidum,
1267 425 1358 455 modo

137 466 269 503 jacturas
285 471 478 502 metuentem,
502 466 567 503 ipsa
587 466 693 495 domus
707 472 737 495 et
751 476 798 495 res
813 466 854 495 sic
870 471 959 495 vexat
978 472 1068 504 atque
1083 467 1176 504 angit,
1200 471 1235 495 ut
1248 467 1357 496 tabula

141 507 228 546 pictae
244 507 369 545 lippum,
387 508 448 545 qui,
471 517 530 545 quo
543 508 638 546 magis
654 518 704 538 eas
718 509 828 537 intueri
844 514 976 544 conatur,
998 518 1033 538 eo
1047 509 1234 546 gravioribus
1248 509 1358 538 dolori-

141 550 197 579 bus
214 550 361 584 afficit11r;
384 556 417 579 ut
433 550 574 586 fomenta,
597 551 736 580 medendi
759 551 849 580 causa
867 550 1011 586 adhibita,
1035 550 1118 580 haud
1136 560 1204 580 raro
1218 551 1359 589 podagra

141 592 259 621 dolores
274 598 425 621 exacuunt
438 604 444 626 ς
468 599 501 622 ut
515 593 702 631 symphoniae
723 603 830 622 nervos
844 593 1007 622 auditorios
1021 593 1215 622 vehementer
1229 593 1359 631 irritant,

142 644 235 671 quum
260 635 326 672 quis
350 640 472 673 propter
500 635 633 664 sordium
658 635 770 664 coitum
796 634 888 674 (Cels.
914 635 944 670 6,
968 634 1002 674 7)
1025 634 1146 664 auribus
1168 635 1359 664 laborat.’-··

143 674 305 716 [fomenta]
339 677 373 706 ln
398 677 488 706 variis
510 678 650 715 podagrae
676 677 837 715 generibus
866 677 970 715 utique
997 677 1180 706 adhibebant
1205 677 1357 715 fomenta*

141 719 193 748 cfr.
211 719 331 748 Celsum
346 720 376 755 4,
399 719 456 749 24:
479 719 528 748 hic
543 725 643 749 autem
659 726 747 758 poeta
762 720 895 757 loquitur
910 720 947 748 de
961 729 1007 755 eo,
1023 719 1104 757 quod
1117 725 1238 748 auctore
1251 719 1359 750 eodem*

142 762 230 790 Celso
249 762 267 790 1.
285 762 302 790 1.
325 761 476 790 interdum
497 762 613 798 accidit,
635 769 668 792 ut
688 763 763 792 nihil
782 763 977 801 superimponi
998 763 1080 792 dolor
1097 763 1244 800 patiatur,
1265 762 1362 791 immo,

138 803 280 833 fomentis
294 810 448 841 augeatur.

185 846 233 875 53.
259 844 440 884 [Sine-erum]
471 847 655 875 ‘mundum-⁹
689 847 793 876 Comm.
825 847 874 875 Cr.
886 862 928 868 -—
941 843 1026 885 [vae]
1059 845 1257 883 “Allegorice
1285 843 1363 876 dicit

141 897 193 918 vas
208 898 262 926 pro
283 889 412 917 hominis
427 889 581 927 pectore.”
603 890 710 919 Acron.
740 889 800 918 Cfr.
817 889 904 918 Lucr.
921 888 950 924 6,
970 888 1017 924 16,
1037 888 1188 918 Intellexit
1201 889 1244 918 ibi
1257 889 1360 918 vitium

142 940 193 959 vas
212 932 320 967 efficere
335 933 437 969 ipsum,
455 931 614 970 Omniaque
634 932 715 961 illius
735 933 806 961 vitio
827 932 1005 969 corrumpier
1024 932 1180 960 intua—⁶
1192 928 1361 968 Voluptas,!

142 972 250 1010 inquit,
268 973 423 1008 ‘avan-itia,
442 973 566 1009 invidia,
590 973 802 1010 iracundia-eae
818 973 848 1002 in
868 973 972 1012 primis
995 978 1065 1002 sunt
1087 973 1180 1002 animi
1200 973 1359 1011 perturba-

141 1014 248 1050 tiones,
266 1024 333 1053 quae
348 1025 451 1044 verum
467 1015 535 1044 vitae
549 1014 679 1045 fructum
696 1015 781 1046 nobis
801 1015 1017 1054 corrumpunt,’
1033 1015 1114 1053 quod
1127 1024 1181 1054 per
1194 1015 1360 1053 imaginem

142 1057 327 1094 significatur
342 1068 427 1087 versu
442 1058 491 1087 53.

183 1099 315 1129 55—60.
342 1099 466 1138 [certum
475 1115 515 1121 -—
517 1097 624 1138 finem]
647 1100 787 1129 ‘modum
803 1099 846 1128 rei
868 1099 1033 1134 familiaris,
1055 1100 1094 1128 ad
1109 1109 1200 1137 quem
1215 1098 1267 1128 ubi
1289 1108 1360 1137 per·

142 1141 271 1177 veneris,
295 1142 382 1180 plura
402 1151 535 1180 quaerere
558 1142 661 1171 desine
683 1142 829 1180 bonisque
849 1141 942 1180 partis
962 1142 1060 1171 fruere
1081 1151 1115 1171 ac
1131 1142 1196 1171 vive
1209 1141 1227 1170 l’
1251 1142 1312 1171 Sat.
1330 1139 1360 1178 1,

144 1183 171 1218 l,
194 1184 244 1219 52,
271 1185 405 1224 Denique
429 1186 468 1214 sit
484 1185 556 1222 finis
581 1182 897 1223 quoerendi.-[voto]
926 1184 1073 1213 ablativus
1093 1184 1176 1213 verbi
1198 1187 1274 1222 pete,
1297 1191 1359 1213 non

141 1226 260 1255 dativus
285 1235 346 1255 voc.
362 1228 514 1264 finem.--
528 1225 678 1265 [Invidia]
703 1226 808 1255 Orellii
823 1227 900 1264 Opp.
916 1231 990 1255 sent.
1015 1226 1042 1261 l,
1063 1236 1091 1264 p.
1115 1226 1164 1262 22,
1187 1222 1361 1266 Σωκράτης

142 1267 202 1298 τὸν
217 1267 340 1308 φθόνον
364 1267 422 1308 ἔφη
441 1265 553 1308 ψυχῆς
575 1267 657 1299 εἶναι
678 1269 808 1307 πρίονα.
841 1269 1018 1304 Menander,
1035 1278 1063 1306 p.
1081 1267 1148 1303 198,
1166 1268 1218 1302 Μ.,
1241 1266 1258 1296 ὃ
1274 1265 1306 1297 δὲ
1321 1266 1359 1299 τὸ

141 1309 294 1340 κάκιστον
310 1311 375 1340 τῶν
391 1312 496 1340 κακῶν
517 1309 667 1349 πάντων,
689 1309 819 1351 φθόνος.
830 1327 870 1332 --
885 1309 1189 1350 [Siculi—tyranni]
1212 1309 1358 1348 Phalaris,

141 1353 333 1389 Agathocles,
349 1353 497 1391 Dionysii.
542 1354 615 1382 Erat
637 1354 722 1391 quasi
742 1353 946 1391 proverbium,
969 1354 1031 1382 Cic.
1047 1353 1117 1382 Ace.
1138 1354 1169 1390 5,
1189 1352 1239 1388 66,
1255 1353 1360 1383 Sicilia

139 1396 210 1424 tulit
225 1396 368 1434 quondam
381 1397 485 1425 multos
496 1399 525 1424 et
538 1397 668 1426 crudeles
679 1394 991 1435 tyrannos.——[mens]
1007 1391 1231 1435 μὲνος,θυμός.
1248 1394 1358 1424 Catuli.

145 1438 193 1472 15,
212 1437 259 1471 14,
275 1440 353 1467 mala
375 1448 453 1468 mens
467 1436 612 1477 furorque
634 1448 739 1468 vecors.
763 1439 820 1467 od.
837 1438 863 1472 l,
882 1437 929 1472 16,
945 1438 994 1472 21,
1013 1438 1163 1476 Compesce
1175 1441 1360 1467 mentem.—

143 1478 254 1519 [dolor]
271 1480 352 1518 Virg.
370 1481 440 1509 AEn.
459 1481 485 1515 1,
501 1481 551 1516 25,
563 1491 658 1510 causoe
672 1482 783 1510 irarum
796 1481 920 1518 saevique
934 1481 1053 1510 dolores.
1062 1476 1358 1518 —[od1·o-inulto]

141 1522 260 1551 dativus
286 1523 420 1552 vocabuli
442 1533 566 1560 poenas:
590 1523 682 1551 ‘dum
708 1523 810 1552 odium
834 1523 968 1551 nondum
991 1521 1132 1551 satiatum
1155 1521 1302 1550 violenter
1324 1529 1360 1550 ac

141 1565 364 1603 praecipitanter
379 1565 479 1594 ulcisci
495 1565 615 1594 studet!
626 1581 666 1586 —
676 1562 832 1604 [festinat]
860 1565 980 1602 ‘poenas
994 1563 1169 1593 festinanter
1183 1563 1298 1601 exigit!

183 1607 317 1637 61—-63,
341 1606 410 1646 [Ira
422 1605 527 1645 juror]
554 1607 698 1642 Philemo,
713 1617 743 1644 p.
761 1607 830 1642 417,
848 1606 901 1642 Μ.,
916 1603 1097 1646 μαινόμεθα
1120 1603 1255 1642 πάντες,
1275 1602 1359 1636 ὅταν

143 1647 575 1689 ὀργιζώμεθα.-[αηὶ1ηιιηι]
607 1648 666 1679 τὸν
694 1645 811 1689 θυμόν.
849 1649 946 1678 Plaut.
974 1649 1055 1678 Trin.
1079 1649 1108 1684 2,
1132 1649 1162 1683 2,
1185 1648 1235 1683 29,
1265 1648 1310 1677 Tu
1331 1647 1359 1678 ei

141 1693 269 1720 animum
291 1693 388 1721 vicisti
403 1694 502 1730 potius
523 1702 608 1730 quam
631 1693 743 1721 animus
767 1696 804 1727 te,
827 1695 870 1720 est
893 1692 969 1730 quod
989 1686 1358 1770 gaudeam—[Imperaq
1387 1704 1390 1708 ·

142 1735 150 1750 ‘
163 1734 225 1762 Aut
240 1743 342 1762 servus
357 1739 401 1763 est
416 1740 468 1763 aut
482 1733 621 1762 dominus
634 1745 640 1768 ς
664 1734 740 1762 nihil
754 1734 835 1762 enim
851 1739 895 1762 est
915 1733 1056 1771 tertium!
1102 1731 1223 1772 [Fingit
1236 1742 1339 1771 equum

141 1776 150 1792 ·’
165 1776 278 1804 Verum
293 1776 317 1804 si
334 1776 512 1813 cupiditates
528 1776 772 1814 voluptatemque
792 1775 991 1814 temperantia
1013 1775 1130 1804 frenare
1147 1775 1202 1804 tibi
1221 1773 1358 1813 proposi-

143 1823 208 1847 tum
222 1823 276 1853 est,
290 1818 345 1853 fac,
358 1824 391 1847 ut
406 1824 523 1847 mature
537 1818 615 1847 hanc
629 1816 792 1858 κάθαρσιν
806 1818 943 1856 incipias,
951 1817 1204 1855 quemadmodum
1218 1817 1360 1856 magister

142 1857 418 1900 (ὶπποόαμαστὴς,
441 1859 585 1898 domitor)
609 1870 721 1899 equum
745 1860 848 1899 primis
865 1862 929 1899 jam
955 1860 1052 1895 annis,
1076 1860 1148 1888 dum
1174 1858 1278 1888 docilis
1302 1863 1359 1895 est,

135 1903 228 1942 fingit
249 1904 293 1932 ire
309 1902 332 1941 (‘
345 1903 382 1932 ad
406 1900 567 1941 eundum')
592 1903 679 1933 docet
701 1903 819 1941 ingredi
833 1902 932 1938 viam,'
957 1903 1010 1932 διο.
1052 1902 1181 1941 Fingere
1195 1901 1261 1931 h.1.
1276 1900 1358 1930 ‘sor-

141 1954 235 1980 mare,
257 1944 433 1974 instituere?

185 1987 318 2022 64—67.
344 1984 698 2026 [venaticus—catulus]
721 1988 799 2024 ‘quo
820 1986 983 2024 aliquando
1004 1986 1041 2015 ad
1056 1991 1197 2016 venatum
1218 1984 1262 2014 uti
1285 1993 1358 2014 con·

143 2029 242 2059 stituit
267 2028 649 2067 dominus.’—[cervinam
670 2028 793 2068 pellem]
823 2029 859 2058 In
885 2029 994 2067 pellem
1017 2028 1160 2058 stramine
1183 2027 1231 2056 vel
1255 2035 1359 2057 musco

143 2072 288 2110 repletam
304 2077 335 2101 et
349 2073 387 2101 ad
402 2071 460 2101 vivi
475 2071 553 2100 cervi
569 2071 798 2101 similitudinem
819 2071 1009 2109 aliquatenus
1031 2071 1165 2100 refictam
1182 2071 1245 2108 jam
1266 2067 1357 2098 catuli

144 2123 162 2143 a
177 2114 327 2152 magistris
341 2114 552 2143 incitabantur.
562 2129 604 2135 —
616 2112 770 2153 [latravit]
794 2119 828 2142 ut
843 2113 937 2151 Epod.
953 2114 982 2148 5,
997 2113 1047 2148 58,
1069 2113 1234 2143 adulteram
1248 2112 1359 2142 latrent

145 2157 308 2186 Suburana
333 2167 479 2186 canes.—-
496 2153 596 2194 [aula]
620 2157 775 2186 honestius
796 2156 972 2185 vocabulum
999 2156 1138 2185 Graecum
1166 2163 1220 2193 pro
1248 2153 1358 2183 Latino

144 2199 251 2233 chorte,
266 2203 353 2234 corte,
370 2200 435 2228 loco
449 2204 552 2236 saepto,
575 2208 635 2236 quo
649 2199 778 2237 cujusvis
791 2198 910 2236 generis
924 2198 1065 2226 animalia
1079 2197 1247 2231 alebantur,
1268 2204 1358 2226 cane·
1388 2230 1390 2234 Ι

143 2241 271 2270 venatici
301 2241 391 2270 etiam
420 2242 697 2270 exercebantur.-—
712 2238 860 2280 [Militat]
891 2239 991 2269 ‘feras
1018 2245 1147 2269 sectatur
1157 2239 1176 2273 ς’
1205 2237 1356 2276 frequenti

143 2282 366 2321 comparatione
393 2284 473 2313 inter
497 2283 687 2313 venationem
713 2289 744 2313 et
766 2278 1232 2321 militiam.—[Nunc-—nunc]
1254 2282 1262 2297 ‘
1276 2277 1358 2316 Noli,
1389 2317 1390 2321 Ἰ
