1390 2586
131 115 209 157 158
560 117 925 151 INTERPRETATIO.
1261 121 1350 165 [m.

170 215 220 250 60,
245 214 295 245 61.
327 213 460 255 [Fufius]
489 215 610 245 Fufium
634 217 796 246 Phocaeum
818 215 860 256 (ἲ)
885 223 972 248 vocat
993 217 1106 258 Porph.
1152 220 1269 252 Histrio
1291 222 1353 262 hic,

128 267 221 296 quum
239 258 367 287 Ilionam
383 260 419 287 ab
436 259 544 287 umbra
562 259 695 297 Deiphili
715 259 770 288 filii
788 261 1091 298 expergefaciendam
1114 269 1220 301 ageret
1239 265 1352 302 ebrius,

127 309 161 329 re
185 301 257 329 vera
282 310 388 329 somno
413 309 574 338 oppressus
603 302 758 339 crapulam
787 303 957 338 edormivit,
985 304 1028 334 ita.
1053 309 1086 334 ut
1112 306 1267 342 Catienus,
1298 308 1351 346 qui

128 342 262 380 Deiphili
280 349 379 380 partes
398 344 516 380 agebat,
542 353 612 372 eum
634 343 865 381 expergefacere
886 346 1087 384 nequiret.—
1101 345 1256 388 [edormit]
1281 359 1351 387 per-

125 383 248 414 fectum.
275 386 383 422 Porph.
430 386 465 414 ln
481 385 617 414 oratione
640 387 749 420 soluta,
777 386 980 417 ‘edormiret’
1020 389 1172 427 Hyginus,
1190 391 1262 420 Fab.
1282 391 1351 428 109,

127 429 146 443 ‘¹
160 427 280 456 Priamo
294 428 460 464 Polydorus
477 427 556 456 filius
569 437 607 456 ex
623 428 749 458 Hecuba
765 439 860 466 quum
875 436 954 459 esset
969 436 1068 466 natm,
1082 432 1187 461 llionae
1203 433 1273 462 filioe
1288 443 1351 463 suae

126 469 277 498 dederunt
293 479 362 498 eum
378 470 582 505 educandum,
594 480 662 508 quae
675 471 907 509 Polymnestori,
917 473 980 510 regi
992 473 1155 510 Thracum,
1166 481 1231 504 erat
1245 481 1351 513 nupta,

126 521 216 549 quem
233 512 285 540 illa
300 521 354 549 pro
368 512 432 541 filio
447 522 501 541 suo
516 513 667 542 educavit.
696 512 876 551 Deiphilum
891 520 1003 550 autem,
1019 525 1108 554 quem
1124 526 1161 546 ex
1174 517 1352 555 Polymnes-

125 558 190 582 tore
205 560 424 592 procreaverat,
439 564 494 592 pro
509 564 563 583 suo
578 554 670 584 fratre
684 556 835 592 educavit,
855 561 890 585 ut
905 556 928 585 si
951 557 1035 586 alteri
1055 568 1158 588 eorum
1175 559 1249 597 quid
1265 559 1352 596 foret,

124 597 302 634 parentibus
324 602 490 634 praestaret.
535 597 595 626 Sed
619 607 713 635 quum
738 598 846 627 Achivi
870 599 960 637 Trojd
983 601 1070 638 capta
1096 601 1212 639 prolem
1237 602 1352 632 Priami

124 639 292 677 exstirpare
308 639 531 675 vellent,—ad
548 640 808 678 Polymnestorem
828 641 943 679 legatos
963 642 1121 677 miserunt,
1145 643 1197 681 qui
1222 643 1250 673 ei
1266 644 1352 682 Aga·

123 682 295 710 memnonis
315 681 409 710 filiam
430 682 554 710 nomine
576 682 727 711 Electram
746 683 961 721 pollicerentur
981 684 1012 712 in
1034 686 1209 723 conjugium
1233 691 1264 715 et
1285 686 1352 716 auri

122 732 266 761 magnam
279 724 406 761 copiam,
419 724 442 753 si
457 725 650 763 Polydorum,
663 725 775 754 Priami
790 725 898 761 filium,
909 726 1116 756 interfecisset.
1143 728 1352 766 Polymnestor-

123 765 293 803 legatorum
309 766 389 795 dicta
405 776 464 795 non
482 767 663 804 repudiavit,
680 767 928 806 Deiphilumque‚
946 769 1042 797 filiurn
1057 779 1157 804 suum,
1173 770 1351 808 imprudens

122 809 242 844 occidit,
262 809 412 837 arbitrans
431 818 462 837 se
479 809 672 847 Polydorum,
689 809 785 838 fllium
802 810 923 845 Priami,
943 810 1162 847 interfecisse,’¹
1182 813 1236 842 &a
1280 813 1351 843 Jam

121 851 204 888 apud
221 851 385 879 Pacuvium
404 851 537 888 Deiphili
557 853 665 881 umbra
689 852 851 881 dormienti
868 852 974 882 llionae
993 863 1088 891 quum
1109 861 1278 892 appareret,
1301 855 1351 886 his

121 893 277 922 versiculis
293 903 359 922 eam
375 894 604 931 alloquebatur3
624 894 735 930 Mater,
750 899 777 924 te
791 896 916 933 appello,
927 905 992 934 qua
1006 906 1107 925 curam
1121 907 1218 926 somno
1228 907 1350 936 suspen-

120 945 183 964 sam
198 937 285 971 levas,
302 937 405 974 Neque
420 937 476 966 mei
490 940 518 966 te
533 938 669 966 miseret:
692 947 780 976 surge
795 941 824 967 et
837 939 927 976 sepeli
947 942 1048 967 natum
1059 940 1072 967 l
1116 938 1194 978 (cic.
1213 939 1302 970 Tusc.
1321 939 1350 976 l,

121 976 187 1015 44.)
221 978 278 1007 Illa
293 983 396 1006 autem
412 979 588 1016 experrecta
603 979 668 1008 haec
683 979 935 1017 proloquebatur;
958 981 1033 1019 Age,
1050 981 1148 1016 adsta,
1159 991 1253 1018 mane,
1267 983 1350 1019 audi,

120 1021 267 1050 iteradum
283 1022 440 1050 eademmet
457 1023 517 1050 ista
531 1022 602 1050 mihi
613 1022 627 1050 l
670 1020 781 1060 (Acad.
797 1022 825 1057 2,
842 1020 908 1060 27.)

162 1062 212 1092 64.
239 1060 382 1101 [velere-3]
411 1063 530 1092 Horatii
551 1068 687 1101 tempore
702 1064 868 1102 sculptores
885 1064 961 1093 nihil
978 1064 1040 1093 fere
1057 1065 1126 1094 novi
1142 1065 1353 1102 inveniebant,

119 1105 174 1134 sed
193 1114 228 1134 eo
247 1106 380 1134 contenti
403 1111 498 1140 erant,
520 1111 554 1134 ut
576 1106 788 1143 antiquissima
808 1107 995 1144 exemplaria
1015 1117 1105 1145 quam
1125 1109 1351 1139 accuratissime

119 1147 322 1176 imitarentur.
367 1148 516 1179 Quocirca
532 1148 631 1183 fiebat,
648 1153 681 1177 ut
696 1154 834 1178 veterum
849 1149 998 1177 artificum
1015 1159 1110 1188 usque
1125 1151 1165 1180 ad
1181 1150 1350 1180 Alexandri

120 1189 164 1219 M.
180 1195 301 1218 aetatem
318 1199 409 1227 opera
425 1190 490 1228 ipsa
504 1191 535 1219 in
552 1191 616 1219 dies
631 1190 796 1220 studiosius
813 1196 1030 1229 quaererentur.

161 1232 293 1266 68—70.
320 1230 487 1271 [praesens]
512 1233 700 1271 ‘propitius.’
747 1233 916 1262 Mercurius
939 1234 1037 1262 omnis
1057 1234 1134 1263 lucri
1156 1235 1252 1270 dator,
1279 1243 1348 1272 κερ-

119 1271 201 1314 δῷος
219 1290 261 1296 -
273 1272 408 1314 [Scribe]
431 1277 438 1290 ‘
450 1276 531 1304 Cura
542 1275 716 1304 scribendas
733 1275 787 1304 tibi
803 1285 820 1304 a
832 1276 969 1305 debitore
984 1276 1088 1305 decem
1107 1277 1234 1312 tabulas,
1246 1277 1278 1306 id
1292 1282 1349 1314 est,

119 1317 310 1355 syngraphas
326 1315 456 1355 (hond-e),
475 1318 579 1355 quales
598 1326 616 1346 a
632 1317 735 1353 Nerio,
760 1317 876 1346 famoso
900 1318 981 1346 illius
1004 1319 1148 1357 temporis
1167 1319 1349 1356 feneratore,

118 1365 216 1388 morte
236 1360 399 1398 conjugum
422 1360 616 1398 locupletato,
641 1360 749 1389 dictari
774 1360 873 1389 solent
893 1361 1090 1396 debitoribus,
1115 1362 1213 1400 plenoe
1231 1362 1348 1391 cautio-

118 1402 265 1431 num.’—
279 1399 313 1440 [a
330 1400 439 1440 Nerio]
466 1402 681 1438 commodatas,
707 1408 741 1431 ut
759 1402 822 1431 Cic.
839 1403 877 1431 ad
895 1404 957 1431 Att.
981 1402 1028 1439 16,
1051 1403 1080 1438 7,
1103 1405 1229 1433 edictum
1249 1404 1308 1443 legi
1330 1414 1350 1434 a

118 1444 215 1474 Bruto
246 1443 446 1483 (acceptum).
481 1445 624 1473 Formula
652 1450 756 1474 autem
783 1444 847 1474 haec
876 1451 958 1474 erat:
986 1446 1025 1474 L.
1056 1446 1154 1476 Titius
1176 1447 1282 1485 scripsi
1305 1456 1350 1476 me

117 1489 263 1525 accepisse
285 1497 304 1516 α
326 1487 360 1515 Ρ.
377 1487 484 1516 Maevio
507 1487 671 1526 quindecim
691 1491 792 1516 mutua
814 1491 968 1517 numerata
988 1489 1060 1516 mihi
1079 1489 1114 1518 de
1138 1490 1278 1518 domo.—·
1290 1489 1348 1517 Pe-

116 1529 225 1564 rillius,
250 1530 296 1558 cui
314 1536 437 1567 propter
451 1530 646 1567 asperitatem
662 1534 692 1558 et
711 1529 947 1558 amaritudinem
962 1539 1130 1567 cognomen
1146 1535 1211 1560 erat
1228 1531 1349 1566 Cicuta,

115 1571 269 1601 fenerator
283 1572 399 1600 cautior
414 1571 508 1600 etiam
524 1572 628 1606 Nerio,
649 1576 832 1609 quapropter
851 1577 976 1600 vocatur
995 1573 1127 1608 nodosus,
1145 1574 1153 1588 ‘
1164 1573 1217 1611 qui
1232 1572 1347 1611 optime

117 1614 206 1643 callet
222 1615 317 1643 nodos
333 1619 363 1642 et
380 1615 503 1652 laqueos
517 1614 618 1652 legum
635 1622 669 1642 ac
685 1613 883 1642 formularum
893 1614 973 1651 juris
988 1614 1104 1643 civilis.'

159 1656 209 1691 71,
226 1657 273 1691 7⁶2.
294 1654 485 1695 [sceleratus]
511 1655 609 1685 Petita
623 1660 669 1684 est
683 1656 784 1693 imago
799 1665 837 1684 ex
850 1656 959 1694 Odyss.
976 1657 1011 1685 Δ.
1028 1655 1100 1693 455,
1118 1656 1170 1686 ubi
1187 1657 1348 1687 Menelaus

116 1698 260 1727 Proteum
277 1698 405 1727 vinculis
427 1699 550 1727 tandem
569 1698 688 1736 injectis
703 1698 861 1727 vaticinari
882 1699 938 1727 sibi
954 1699 1059 1736 adigit.
1072 1699 1239 1737 —Rapere
1254 1698 1348 1739 injus

116 1741 193 1770 collo
206 1742 325 1770 obtorto
341 1741 451 1770 licebat
466 1741 497 1769 in
512 1741 640 1778 publicis
657 1740 713 1769 viis
729 1741 909 1772 debitorem,
932 1741 984 1779 qui
1004 1741 1157 1779 judicium
1179 1742 1348 1778 deserebat,

115 1783 288 1812 cautionem
317 1783 419 1811 datam
443 1782 680 1819 subterfugiens.
695 1798 738 1803 —
754 1780 1036 1822 [malis—alienis]
1075 1784 1184 1822 Odyss.
1211 1783 1249 1813 Υ.
1275 1783 1348 1820 345,

114 1825 303 1865 μνηστῆρσι
319 1822 350 1854 δὲ
370 1823 509 1860 Παλλὰς
524 1822 650 1860 Ἀθὴνη
667 1821 858 1862 Ἀσβεστον
878 1822 976 1864 γέλον
992 1822 1087 1864 ὦρσε,
1111 1822 1349 1866 παρέπλαγξεν

116 1864 148 1897 δὲ
170 1866 288 1907 νόημα·
313 1864 351 1896 Οἱ
369 1864 395 1896 δ’
416 1864 480 1904 ἤδη
503 1865 684 1907 γναθμοῖσι
705 1865 842 1907 γελοίων
861 1865 1222 1907 ἀλλοτρίοισιν-ὄσσε
1242 1865 1269 1898 δ’
1284 1867 1348 1908 ἄρα

116 1907 221 1951 σφέων
236 1906 421 1949 Δακρυόφιν
437 1909 642 1949 πίμπλαντο·
663 1906 744 1950 γόον
759 1907 786 1939 δ’
803 1908 895 1939 ὠΐετο
909 1907 1024 1951 θυμός.
1069 1911 1183 1940 Verum
1202 1911 1347 1940 Horatius

115 1953 267 1982 diversam
296 1953 454 1991 proverbio
484 1952 739 1991 significationem
770 1952 894 1982 tribuit:
930 1954 992 1982 ‘ita
1021 1953 1131 1989 ridere,
1162 1961 1197 1982 ac
1225 1953 1250 1982 si
1279 1953 1348 1991 quis

115 1996 155 2025 ad
183 1996 347 2024 ridendum
375 2000 512 2024 uteretur
540 1995 634 2024 bucca
658 2004 720 2025 non
748 1995 817 2033 sua,
846 1995 900 2024 sed
927 1995 1028 2025 aliena
1039 1995 1056 2031 ;'
1086 1995 1119 2024 id
1147 2000 1202 2031 est,
1233 1996 1242 2011 ‘
1253 1995 1348 2025 effuse

114 2038 236 2068 ridere!
1237 2059 1240 2061 Δ

157 2080 291 2115 74-76.
320 2077 411 2119 [male
429 2089 490 2110 rem
502 2077 622 2119 gerere]
648 2079 740 2108 etiam
762 2079 844 2118 apud
861 2079 923 2109 Cic.
941 2079 1006 2108 Cat.
1023 2078 1052 2114 7,
1077 2079 1221 2108 dicuntur
1236 2079 1268 2115 ii,
1294 2079 1347 2117 qui

114 2123 333 2162 patrimonium
359 2131 448 2151 suum
474 2119 891 2161 prodigunt.—-[Perillias]
917 2122 998 2151 idem
1024 2121 1076 2159 qui
1101 2130 1193 2160 supra
1216 2121 1347 2152 ridiculo

115 2166 296 2204 cognomine
310 2166 423 2195 Cicuta.
433 2181 476 2186 —
487 2162 661 2204 [dictantis]
683 2164 812 2193 debitori
828 2164 976 2193 cautionis
991 2163 1162 2199 formulam,
1175 2172 1267 2201 quam
1282 2173 1347 2193 ser-

115 2209 197 2237 vavit
213 2208 329 2236 Comm.
347 2208 459 2245 Cruq.:
483 2206 601 2236 semsi:
623 2214 825 2236 munorum
844 2214 909 2235 ruo
930 2214 973 2235 EA
995 2203 1346 2245 pecuum—[rescri-

117 2247 200 2288 bere]
225 2254 253 2279 to
267 2260 359 2289 repay
370 2261 382 2284 ,-
404 2259 459 2288 per
474 2249 681 2288 argentarium
696 2249 834 2278 debitum
856 2249 982 2285 solvere,
998 2249 1028 2277 h.
1043 2257 1070 2278 e.
1084 2247 1232 2286 scriptum
1250 2248 1345 2278 debiti

117 2292 258 2322 liberare.

159 2334 292 2370 77-81.
317 2332 447 2374 [togam]
473 2338 660 2373 componunt
685 2333 717 2363 in
746 2333 841 2373 plicas
866 2333 1018 2372 discipuli,
1047 2332 1100 2371 qui
1129 2332 1290 2363 consident
1312 2332 1345 2362 in
