1390 2586
134 107 189 146 34
494 113 753 141 SATIRARUM
783 113 869 140 ΜΒ.
891 113 940 141 11.
961 99 1001 142 3.

138 215 274 264 Error,
297 214 365 254 sed
387 213 503 253 variis
523 212 655 253 illudit
675 211 877 267 partibus:
909 211 984 252 hoc
1003 218 1044 253 te

139 271 271 312 Crede
293 271 408 310 modo
427 270 624 317 insanum,
646 268 771 308 nihilo
792 277 835 309 ut
853 268 1071 321 sapientior
1090 268 1170 317 ille,

139 328 223 375 Qui
245 336 283 367 te
305 326 471 374 deridet,
494 325 657 366 caudam
679 325 819 365 trahat.
881 324 955 364 Est
973 339 1101 389 genus
1121 339 1247 366 unum

142 383 332 424 stultitiae
352 382 519 422 nihilum
541 381 757 421 metuenda
777 380 967 429 timentis,
990 390 1035 421 ut
1054 380 1182 436 ignes,

140 440 200 481 Ut
220 454 351 494 rupes,
376 437 627 492 fluviosque
618 452 658 476 1n
680 451 819 490 campo
839 437 995 477 obstare
1016 446 1230 491 queratur.
1303 440 1356 477 55

139 496 338 543 Alterum,
362 503 403 535 et
422 494 514 534 huic
534 508 683 541 varum,
707 501 747 534 et
767 492 891 533 nihilo
910 492 1142 558 sapientius,
1164 493 1280 548 ignes

141 552 221 591 Per
242 551 392 591 medios
414 550 634 603 fluviosque
656 549 820 589 ruentis.
883 549 1042 589 Clamet
1061 548 1188 590 amica

141 607 288 655 Mater,
313 607 476 646 honesta
496 621 603 646 soror
625 620 714 645 cum
736 604 927 660 cognatis,
950 612 1075 659 pater,
1097 619 1222 645 uxor·

142 664 223 704 Hic
243 664 346 703 fossa
367 672 426 703 est
446 662 617 717 ingens.
609 662 618 701 !
650 661 714 701 hic
734 676 853 715 rupes
873 660 1072 702 maxima!
1104 661 1246 702 serva!

140 719 233 759 Non
256 719 382 772 magis
402 718 585 766 audierit,
608 732 726 772 quam
752 717 891 758 Fufius
911 716 1044 758 ebrius
1064 717 1171 766 olim,
1304 719 1358 758 60

139 775 278 823 Quum
302 775 469 815 Ilionam
492 774 673 822 edormit,
697 773 878 814 Catienis
898 772 1006 813 mille
1027 773 1221 823 ducentis,

139 839 150 856 ⁶
165 833 301 872 Mater
321 839 354 871 te
373 832 551 884 appell&
573 830 847 870 clamantibus.
907 828 1020 870 Huic
1040 844 1118 885 ego
1138 829 1284 886 vulgus

138 887 273 928 Errori
295 887 463 927 similem
485 895 671 927 cunctum
695 886 868 926 insanire
888 885 1052 926 docebo.

137 943 292 984 Insanit
313 952 468 984 veteres
488 952 636 983 statuas
655 942 926 997 Damasippus
947 942 1130 984 emendo.

138 1000 304 1054 Integer
325 1008 385 1040 est
405 999 549 1040 mentis
571 998 811 1053 Damasippi
832 998 1037 1039 creditor?
1096 998 1207 1039 Esto.
1305 1001 1358 1038 65

136 1057 302 1110 Accipe,
327 1056 432 1110 quod
454 1070 659 1120 nunquam
681 1054 822 1095 reddas
842 1054 952 1103 mihi,
973 1053 1006 1095 si
1026 1054 1100 1096 tibi
1120 1054 1262 1103 dicam,

137 1112 258 1152 Tune
280 1113 440 1152 insanus
462 1111 551 1160 eris,
574 1111 604 1151 si
626 1110 861 1165 acceperis?
889 1125 940 1151 an
961 1110 1088 1166 magis
1107 1125 1248 1152 excors

137 1169 308 1222 Rejecta
329 1168 475 1222 praeda,
498 1182 616 1221 quam
638 1182 812 1221 praesens
835 1166 1064 1208 Mercurius
1084 1166 1194 1208 fert?

137 1225 275 1265 Scribe
297 1225 435 1264 decem
456 1240 479 1264 a
501 1223 651 1264 Nerio:
685 1238 764 1263 non
786 1231 846 1264 est
865 1223 984 1264 satis:
1015 1223 1118 1264 adde
1141 1223 1296 1265 Cicutae

134 1280 287 1321 Nodosi
310 1281 463 1321 tabulas
483 1288 670 1328 centum3
701 1279 810 1319 mille
830 1278 932 1320 adde
953 1287 1138 1320 catenas:
1304 1282 1358 1321 70

134 1336 317 1391 Effugiet
335 1346 467 1378 tamen
488 1336 572 1377 haec
592 1336 806 1377 sceleratus
827 1335 986 1377 vincula
1008 1335 1190 1379 Proteus.

134 1393 271 1440 Quum
294 1393 422 1447 rapies
444 1393 482 1432 in
500 1394 568 1447 jus
589 1392 701 1433 malis
721 1391 919 1432 ridentem
939 1392 1094 1443 alienis,

135 1449 227 1490 Fiet
259 1464 367 1503 aper,
401 1449 518 1490 modo
538 1448 634 1497 avis,
656 1448 773 1489 modo
801 1462 954 1497 saxum,
991 1456 1044 1497 et,
1080 1463 1206 1503 quum
1236 1448 1355 1498 volet,

243 1506 371 1546 arbor.

136 1561 180 1602 Si
200 1562 303 1602 male
325 1576 407 1602 rem
429 1576 583 1616 gerere,
606 1560 735 1601 insani
756 1568 841 1608 est3
872 1567 1010 1601 contra
1030 1560 1146 1609 bene,
1167 1561 1279 1601 sani·
1268 1592 1279 1610 ,

137 1617 322 1658 Putidius
343 1618 468 1658 multo
490 1617 696 1658 cerebrum
719 1625 779 1657 est
803 1615 918 1669 (mihi
939 1616 1074 1669 crede)
1100 1616 1253 1667 Perilli,
1304 1620 1358 1659 75

134 1673 352 1722 Dic-tantis,
376 1674 482 1728 quod
505 1682 547 1714 tu
569 1687 775 1727 nunquam
796 1672 1014 1713 rescribere
1034 1672 1173 1728 possis.

134 1730 289 1770 Audire
310 1738 430 1784 atque
453 1738 588 1798 togam
602 1730 728 1784 jubeo
749 1743 1003 1782 componere,
1027 1729 1208 1784 quisquis

136 1786 372 1826 Ambitione
394 1785 496 1826 mala
517 1794 586 1826 aut
605 1784 763 1840 argenti
783 1785 907 1839 pallet
925 1799 1073 1834 amore,

137 1842 331 1896 Quisquis
352 1842 511 1883 luxuria
533 1841 684 1882 tristive
705 1841 1000 1895 superstitione,

138 1900 223 1939 Aut
243 1898 321 1938 alio
342 1898 486 1938 mentis
507 1898 643 1938 morbo
664 1897 791 1946 calet3
822 1896 900 1937 huc
921 1897 1082 1951 propius
1102 1911 1180 1947 me,
1305 1900 1359 1938 80

138 1954 250 1995 Dum
273 1954 396 1994 doceo
416 1954 589 1994 insanire
610 1969 759 2003 omnes,
783 1968 852 1994 vos
873 1953 1011 1994 ordine
1031 1953 1150 1994 adite.

134 2010 282 2051 Danda
298 2019 359 2051 est
379 2010 544 2050 ellebori
566 2010 690 2051 multo
710 2024 800 2064 pars
823 2009 995 2050 maxima
1013 2009 1163 2051 avaris:

137 2067 286 2107 Nescio
305 2082 354 2107 an
380 2066 615 2121 Anticyram
638 2066 736 2106 ratio
757 2066 834 2106 illis
855 2066 1029 2107 destinet
1048 2080 1220 2107 omnem.

140 2122 332 2163 Haeredes
357 2122 513 2164 Staberi
533 2136 727 2163 summam
748 2121 924 2162 incidere
945 2121 1149 2176 sepulcro:

138 2179 193 2219 Ni
214 2179 270 2219 sic
291 2179 489 2227 fecissent,
512 2178 775 2233 gladiatorum
796 2178 889 2218 dare
909 2185 1071 2218 centum
1304 2181 1358 2220 85

123 2235 330 2277 ·Damnati
353 2235 501 2289 populo
522 2235 644 2289 paria,
666 2243 787 2289 atque
809 2234 973 2289 epulum
993 2233 1156 2275 arbitrio
1178 2234 1285 2282 Arri,

138 2291 349 2333 Frumenti
369 2299 564 2346 quantum
583 2291 699 2333 metit
720 2291 870 2332 Africa.
931 2290 1026 2332 Sive
1046 2304 1124 2346 ego
1142 2305 1276 2346 prave,
