1390 2586
151 74 235 116 208
573 73 934 103 INTERPRETATIO.
1241 70 1361 112 [amr.
1378 55 1390 123 ζ

153 173 260 211 quovis
281 173 448 207 intervallo,
472 171 561 200 etiam
585 171 705 208 exiguo,
730 176 764 199 ut
786 172 846 200 Sat.
868 172 898 203 2,
920 170 950 206 7,
975 172 1045 202 105.
1088 170 1172 209 Virg.
1189 170 1253 200 Ecl.
1267 170 1363 206 6,16.

153 216 225 245 AEn.
243 215 290 250 10,
306 215 375 245 834.
391 231 432 235 --
445 211 702 253 [cavum—quem]
727 214 786 242 Sat.
801 213 830 248 6,
846 214 875 246 2,
892 213 961 243 116.
1383 209 1384 212 ’

195 257 245 293 33,
260 258 309 287 34.
335 254 519 296 [compellor]
545 261 578 284 ut
599 257 659 285 Sat.
675 256 704 291 2,
719 255 748 289 3,
765 255 835 290 296,
852 255 1024 294 ‘increpor3
1047 255 1071 284 si
1093 255 1131 284 ad
1152 264 1200 284 me
1221 254 1364 294 applicari
1378 253 1384 261 '⁴

154 297 463 339 potest.’-—[resigno]
489 299 565 327 Vide
587 299 642 327 Od.
662 298 691 334 3,
714 298 764 333 29,
787 297 836 326 53.
873 298 1003 327 ‘Omnia
1023 298 1136 327 reddo.’
1182 297 1247 326 Hoc
1271 296 1364 334 igitur
1380 297 1385 335 <

153 342 244 372 dicit:
269 342 403 374 ‘Quodsi
426 351 457 370 re
479 341 550 369 vera
573 340 603 368 in
624 349 672 369 me
695 349 813 377 quoque
836 340 963 377 quadrat
982 340 1081 377 imago
1105 339 1270 378 vulpeculae
1284 338 1364 369 illius
1380 343 1386 348 ”

154 385 249 414 avidae
278 390 368 421 atque
396 383 582 417 inconsultae,
608 392 706 420 neque
730 382 818 411 aliter
846 383 1013 411 libertatem
1042 391 1218 420 recuperare
1243 390 1365 419 possum

154 427 211 456 nisi
233 427 381 461 omnibus,
397 436 463 464 quae
477 426 557 454 dono
572 425 683 463 accepi,
697 424 908 458 renuntiando,
923 424 979 453 hoc
994 425 1071 453 ultro
1086 424 1210 458 faciam;
1233 433 1288 452 nec
1308 423 1365 453 hoc

154 469 244 498 nimis
273 469 393 497 difficile
414 467 499 496 'mihi
528 466 601 501 erit;
640 466 729 501 nam,’
760 464 1043 506 sce—[altilium]
1077 466 1176 495 ‘Nam
1211 475 1272 494 non
1299 470 1365 495 tum

154 512 286 545 demum,
302 520 395 548 quum
410 517 491 539 satur
506 519 572 538 sum
587 509 718 547 glirium,
733 509 878 546 leporum,
897 509 1062 544 turdorum,
1084 513 1268 545 attagenum,
1291 507 1366 538 dicis

154 555 244 582 causa
266 554 388 582 laudare
412 553 491 581 soleo
514 552 679 589 simplicem
701 551 878 580 rusticorum
902 551 1003 587 vitam,
1018 551 1071 580 sed
1088 550 1201 580 deliciis
1215 550 1274 579 illis
1290 559 1365 588 quo-

154 596 227 625 tidie
242 605 342 624 carere
358 604 488 633 possum,
504 603 659 632 nunquam
675 603 725 622 eas
739 592 980 622 desideraturus!

197 638 328 668 36-38.
353 635 574 676 [verecundum]
602 637 656 665 Od.
674 637 702 671 2,
718 636 766 670 18,
785 635 831 670 12,
853 645 905 664 nec
924 639 1068 673 potentem
1082 636 1204 664 amicum
1218 634 1380 672 Largior-a

147 682 263 719 flagito,
292 681 373 709 Satis
401 681 500 709 beatus
529 680 622 708 unicis
652 674 933 716 Sabinis.—[re.r]
974 678 1070 715 Reges
1106 687 1175 706 suos
1210 677 1367 705 nominare

155 724 329 752 humiliores
358 723 492 750 solebant
521 721 631 750 amicos
660 721 774 749 nobiles
802 729 836 748 ac
865 719 1035 758 locupletes.
1080 719 1156 757 Epp.
1186 718 1211 754 l,
1241 718 1288 753 17,
1317 718 1366 748 20.

156 766 285 795 Martial.
303 766 332 797 2,
351 764 397 799 18,
414 765 442 799 8,
469 765 526 796 Qui
547 773 599 793 rex
620 767 674 798 est,
695 773 801 801 regem,
824 762 963 797 Illaaeime,
986 771 1042 790 non
1060 763 1174 791 habeat.
1187 777 1230 781 —
1246 758 1365 800 [pater]

155 808 204 837 Sic
230 807 295 836 sine
323 807 441 835 ridiculi
467 806 566 844 specie
589 811 660 834 tunc
687 805 830 834 Horatius
853 804 1004 842 appellare
1029 809 1146 842 poterat
1170 803 1368 832 Maecenatem

154 850 249 879 tribus
265 855 428 887 quatuorve
443 849 529 877 annis
545 854 616 876 natu
631 848 785 886 majorem.
800 862 841 867 --
859 843 1000 885 [Inspice‚
1015 848 1041 876 si
1053 843 1185 884 possum]
1209 847 1217 861 ‘
1230 845 1380 882 Agedum‘

153 892 301 930 experire,
325 901 426 920 annon
449 890 580 929 possim,'
607 890 660 918 &c.
704 889 889 918 Indicativus
912 894 1026 918 certum
1049 894 1168 924 accepta
1190 885 1368 916 restituendi

153 934 339 973 propositum
360 933 511 971 exprimit,
534 938 564 961 et
585 932 758 970 frequenter
779 929 821 960 sic
844 930 967 960 Comici.
1010 930 1079 959 Ter.
1095 931 1215 959 Phorm.
1230 929 1260 965 3,
1272 929 1302 964 3,
1316 929 1368 964 30,

158 977 231 1007 Vide
246 978 307 1015 opis
321 978 347 1006 si
361 977 433 1015 quid
450 980 532 1013 potes
553 975 659 1013 afferre
681 975 757 1003 huic.
772 989 814 994 --
830 971 999 1012 [reponere]
1025 973 1119 1002 Plaut.
1135 972 1215 1001 Pers.
1232 971 1259 1008 1,
1276 971 1304 1007 1,
1316 971 1368 1006 38,

161 1020 201 1049 Ut
223 1021 295 1049 milti
316 1020 366 1048 des
392 1027 518 1047 nummos
541 1021 688 1047 sexcentos
696 1017 831 1050 5—Quos
858 1017 992 1045 continuo
1020 1016 1075 1045 tibi
1099 1024 1235 1053 reponam
1257 1015 1288 1043 in
1316 1015 1369 1043 hoe

155 1063 252 1091 triduo
267 1066 318 1090 aut
333 1062 498 1100 quatriduo.

196 1103 328 1134 39-42.
354 1099 575 1142 [Telemachus]
602 1101 709 1138 Odyss.
734 1097 760 1135 ὃ,
783 1099 958 1135 601-607,
975 1096 1119 1133 Ἵππους
1135 1095 1162 1127 δ’
1177 1095 1221 1133 εἷς
1235 1095 1370 1134 Ἰθάκην

155 1144 212 1176 οὐκ
227 1143 355 1185 ἄξομαι,
369 1142 457 1174 α’λλά
474 1154 522 1174 σοι
538 1142 627 1182 αὐτῷ
641 1140 775 1173 Ἐνθάόε
792 1139 892 1181 λείψω
915 1140 1060 1181 ἄγαλμα·
1094 1139 1139 1170 Σὺ
1163 1139 1226 1179 γὰρ
1249 1136 1369 1169 πεδίοιο

153 1187 308 1224 ἀνάσσεις
326 1184 542 1227 Εὒρὲος-Ἐν
558 1183 583 1215 δ’
599 1183 710 1225 Ἰθάκῃ
725 1181 793 1214 οὔτ’
807 1181 847 1224 ἄρ
863 1182 973 1224 δρόμοι
987 1181 1097 1224 εὐρέες,
1109 1180 1181 1212 οὗτε
1196 1192 1227 1211 τι
1240 1180 1370 1222 λειμών·

155 1228 342 1271 Αἰγίβοτος,
369 1228 422 1258 καὶ
454 1227 584 1268 μᾶλλον
621 1225 784 1266 ἐπήρατος
819 1225 1025 1264 ἱπποβότοιο.
1040 1242 1083 1246 -
1098 1222 1276 1264 [patientis]
1314 1225 1370 1253 Est

157 1273 352 1303 Homericum
372 1270 553 1308 πολύτλας,
568 1269 787 1309 ταλασίφρων,
810 1269 965 1307 epitheton
987 1268 1087 1297 herois
1110 1273 1297 1305 perpetuum,
1321 1265 1370 1296 cui

155 1316 233 1344 male
262 1315 482 1345 substituerunt
510 1312 647 1342 nonnulli
675 1313 827 1351 sapientis,
857 1312 941 1350 cujus
970 1311 1067 1340 laudis
1096 1310 1144 1338 hic
1179 1309 1270 1338 nullae
1299 1313 1372 1338 sunt

154 1363 264 1396 parteS.
283 1373 316 1379 —
337 1354 471 1396 [Ithace]
498 1354 708 1384 Nomiuativus
732 1354 854 1383 Graecus
877 1355 974 1392 aptior
995 1359 1040 1382 est
1062 1352 1092 1381 h.
1107 1352 1128 1380 l.
1143 1356 1262 1390 propter
1279 1352 1370 1389 junc-

155 1407 255 1429 turam
280 1410 347 1429 cum
371 1409 416 1427 vv.
443 1400 711 1436 locus—porrectus
741 1405 832 1434 quam
859 1405 927 1433 gen.
957 1390 1283 1432 Lat.——[Porrectus]
1322 1393 1372 1422 Sic

157 1443 256 1472 Caesar
273 1443 307 1471 B.
325 1443 360 1471 G.
378 1442 406 1476 2,
426 1441 473 1476 19,
493 1443 629 1478 porrecta
650 1449 685 1468 ac
706 1440 768 1468 loca
788 1442 904 1477 aperta.
917 1453 957 1459 —
975 1435 1062 1476 [tibi]
1085 1435 1212 1465 refertur
1235 1441 1266 1465 et
1284 1435 1323 1464 ad
1343 1444 1371 1464 v.

155 1490 226 1524 apta
241 1491 271 1514 et
285 1485 323 1513 ad
340 1494 365 1512 v.
382 1485 552 1522 relinquam.

198 1527 247 1562 43,
264 1527 311 1556 44.
338 1524 438 1565 [regia
459 1523 567 1564 Roma]
592 1524 644 1554 cfr.
661 1523 716 1553 Od.
733 1522 763 1558 4,
777 1522 807 1557 3,
824 1522 872 1558 13,
888 1527 918 1551 et
934 1521 982 1556 14,
999 1520 1048 1550 44.
1060 1537 1101 1541 —
1114 1517 1267 1559 [vacuum]
1292 1520 1372 1548 ‘non

154 1569 296 1608 frequens
311 1576 340 1598 et
358 1569 544 1606 populosum,
560 1567 612 1596 sed
625 1570 747 1604 propter
768 1565 824 1593 hoc
845 1565 944 1602 ipsum
967 1564 1094 1592 liberum
1108 1572 1126 1591 a
1141 1561 1266 1600 strepitu
1289 1561 1372 1590 urbis

156 1612 324 1650 studiisque
349 1611 422 1639 meis
451 1609 575 1648 aptum.’
591 1624 634 1629 -
649 1605 794 1647 [imbelle]
827 1606 897 1636 ‘ubi
927 1605 1028 1635 omnia
1053 1605 1216 1642 tranquilla
1243 1609 1314 1633 sunt
1341 1609 1374 1633 et

156 1654 294 1693 placata-⁹
339 1654 397 1682 Sat.
416 1653 444 1688 2,
461 1652 489 1687 4,
512 1651 563 1686 34,
587 1652 669 1680 molle
695 1650 727 1678 T.
762 1650 870 1678 Juven.
893 1648 922 1684 6,
945 1648 1016 1683 296,
1038 1647 1156 1677 Miletos
1178 1647 1276 1686 Atque
1291 1655 1371 1676 coro-

156 1701 256 1726 natum
271 1701 299 1725 et
313 1696 447 1733 petulans
462 1695 665 1732 madidumque
682 1692 851 1721 Tarentum.

199 1738 331 1768 45—50.
356 1734 542 1776 [Philippus]
569 1736 642 1764 Haec
657 1733 881 1763 narratiuncula
902 1732 945 1762 ita
965 1742 1033 1762 cum
1047 1730 1285 1770 praecedentibus
1300 1740 1372 1760 con-

158 1781 297 1816 nectitur,
314 1786 345 1808 ut
363 1779 473 1808 Vulteii
489 1778 628 1816 exemplo
651 1777 723 1806 satis
746 1776 847 1815 lepido
870 1776 1054 1804 demonstret
1069 1774 1166 1802 virum
1180 1773 1371 1812 prudentem,

158 1824 210 1853 ubi
231 1833 300 1852 casu
322 1822 423 1859 aliquo
445 1821 605 1850 collocetur
619 1820 649 1848 in
666 1824 746 1848 statu
761 1828 822 1847 suae
838 1817 1002 1847 conditioni
1022 1822 1113 1854 atque
1135 1814 1257 1853 ingenio
1272 1815 1373 1845 minus

158 1865 364 1900 conveniente,
380 1863 471 1892 etiam
487 1873 579 1900 quum
596 1872 655 1891 non
670 1861 728 1890 levi
739 1861 858 1899 jactura
872 1869 909 1888 ex
930 1869 965 1888 eo
979 1868 1043 1888 sese
1059 1857 1274 1887 extricaturum
1296 1866 1372 1893 esse,

159 1918 218 1947 quo
244 1907 339 1945 magis
364 1906 420 1935 sibi
444 1913 546 1943 aptum
570 1902 947 1942 occupet.——-Confundunt
970 1900 1106 1930 nonnulli
1132 1901 1310 1938 interpretes
1334 1899 1372 1929 L.

160 1949 310 1980 Marcium
331 1949 502 1987 Philippum
525 1947 620 1976 filium
643 1956 702 1977 cos.
724 1954 754 1974 Α.
772 1953 803 1974 υ.
819 1953 846 1973 c.
869 1944 940 1979 698,
956 1943 1006 1981 qui
1023 1943 1080 1971 fuit
1093 1942 1216 1971 vitricus
1233 1941 1374 1979 Augusti,

160 2003 227 2022 cum
243 1994 308 2031 ejus
324 1997 407 2029 patre
431 1989 607 2027 cognomine
623 1998 681 2018 cos.
697 1997 728 2017 Α.
747 1995 777 2016 υ.
794 1995 820 2015 e.
837 1986 908 2022 663,
924 1987 960 2015 de
981 1995 1041 2023 quo
1063 1983 1196 2022 loquitur
1219 1983 1374 2013 Horatius.

159 2051 200 2057 --
215 2031 340 2074 [fortis]
364 2033 483 2071 Optime
499 2033 562 2070 ejus
578 2031 710 2060 indolem
725 2030 885 2059 adumbrat
898 2028 946 2057 his
961 2027 1057 2057 verbis
1072 2027 1133 2056 Cic.
1150 2026 1187 2055 de
1201 2027 1282 2055 Orat.
1297 2025 1327 2061 3,
1345 2025 1373 2060 1,

160 2078 267 2107 homini
289 2076 447 2106 vehementi
469 2078 498 2104 et
519 2075 628 2103 diserto
652 2077 681 2102 et
702 2074 734 2102 in
752 2073 856 2110 primis
870 2069 949 2109 forti
963 2070 1004 2099 ad
1015 2069 1206 2099 resistendum
1227 2068 1375 2106 Philippo.

160 2136 202 2141 ·——
219 2116 394 2158 [Strenuus]
418 2116 509 2155 igitur
532 2118 666 2154 ‘semper
685 2115 716 2144 in
739 2113 837 2143 causis
851 2112 974 2150 agendis
987 2110 1174 2150 occupatus;'
1188 2108 1291 2149 sortis,
1306 2109 1373 2138 ani-

161 2171 261 2191 mosus
277 2167 306 2190 et
323 2161 437 2190 validus
451 2160 489 2188 ad
504 2158 704 2188 resistendum
726 2155 912 2191 adversariis,
929 2154 1028 2194 potius
1044 2162 1133 2192 quam
1148 2152 1179 2181 in
1194 2161 1226 2181 re
1240 2151 1374 2182 militari.

161 2219 204 2227 ——
220 2201 380 2242 [octavam]
404 2203 488 2231 nobis
508 2201 586 2230 inter
601 2199 764 2229 secundam
778 2204 808 2227 et
823 2197 942 2227 tertiam
956 2195 1374 2235 pomeridianam—Carinae,

163 2246 245 2276 vicus
260 2247 376 2275 celeber
392 2246 496 2274 Romae
518 2243 549 2272 in
571 2243 694 2280 regione
710 2241 825 2279 quarta,
842 2240 893 2269 ubi
908 2239 1052 2277 templum
1067 2237 1124 2267 fuit
1140 2235 1279 2272 Telluris,
1294 2236 1374 2265 aedes

163 2289 180 2318 J
186 2288 293 2318 unonis
310 2287 445 2324 Sororiae,
462 2287 568 2316 domus
584 2285 622 2317 Q.
639 2283 800 2320 Ciceronis,
822 2281 968 2320 Pompeii,
993 2280 1180 2318 aliorumque
1203 2278 1374 2318 principum
