1390 2586
127 115 204 156 152
553 118 918 150 INTERPRETATIO.
1256 121 1344 164 [υτ.

119 213 165 244 ld.
182 215 211 249 2,
227 214 298 249 470,
313 217 406 245 mista
419 225 525 254 aspera
540 216 650 245 levibus
669 218 839 255 principiis,
861 223 891 248 et
905 219 934 248 h.
950 219 971 248 l.
989 219 1166 250 Horatius.”
1210 222 1344 252 Lobeck.

122 254 290 296 —[Ofellct
306 256 427 296 Jadice]
453 258 522 286 Non
538 264 601 288 est:
624 259 827 297 ‘mejudice3'
852 261 986 290 nondum
1010 263 1092 292 enim
1114 263 1180 302 ipse
1201 264 1345 303 loquitur,

121 298 174 328 sed
191 299 335 329 Horatius
350 301 413 338 ejus
428 310 598 329 sermonem
613 301 712 330 refert.
723 316 765 322 ——
777 299 912 340 [pravum
926 303 1099 344 detorseris]
1123 311 1157 335 ut
1173 307 1232 336 Sal.
1246 311 1346 337 trans-

119 350 233 371 vorsum
257 352 345 380 agere
369 342 446 371 dixit
467 343 483 372 J
489 353 537 380 ug.
560 342 580 372 6
602 349 632 371 et
656 343 704 372 14.
748 344 822 373 Est:
847 345 889 374 ‘si
911 346 970 375 alio
994 352 1023 376 te
1049 347 1091 376 ita
1116 349 1287 384 detorseris,
1312 356 1347 379 ut

119 392 229 421 pravus
254 383 383 412 fias.'—
396 382 590 424 [Avidienus]
618 395 725 414 avarus
747 386 856 424 aliquis
878 387 1016 425 ignotus;
1039 399 1149 419 nomen
1164 391 1269 420 fictum
1284 401 1347 421 non

120 424 174 454 est.
187 441 228 446 —
241 423 363 466 [Canis]
393 433 515 465 propter
536 427 762 456 immunditiam
783 438 818 458 ac
839 430 1000 459 sordes.—-
1013 428 1063 469 [em¹
1084 431 1167 471 vero]
1192 434 1251 462 Sal.
1275 434 1346 472 Jug.

122 466 172 502 78,
197 478 297 497 nomen
319 479 354 498 ex
373 479 404 499 re
425 470 561 505 inditum,
585 479 623 498 ex
642 470 708 508 ipsa
723 471 788 508 ejus
803 471 877 509 vita,
892 472 988 510 qualis
1008 482 1040 502 re
1055 476 1128 503 vera
1150 481 1223 504 erat.
1246 475 1346 506 Plaut.

122 510 214 539 Stich.
231 511 281 544 88,
299 511 386 540 Nunc
400 512 582 550 Micotrogus
596 513 708 542 nomine
723 523 758 542 ex
772 523 838 542 vero
852 523 942 544 vocor.
953 529 996 536 —
1009 513 1150 555 [dictum]
1175 522 1208 546 ut
1223 516 1346 554 καλεῖν,

120 549 347 591 ἐπονομάζειν,
358 551 465 594 λέγειν
481 550 586 594 ὄνομά
601 564 673 584 τινι.
720 555 783 584 Liv.
802 555 829 591 l,
849 555 876 592 l,
893 557 990 595 Stirps
1002 559 1108 594 virilis,
1122 560 1170 588 cui
1185 561 1347 589 Ascanium

115 599 255 632 parentes
269 597 370 625 dixere
384 606 493 626 nomen.

163 636 298 671 57—62.
323 635 563 677 [Quinquennes]
592 640 599 654 ‘
613 639 702 668 oleas
731 639 868 669 rancidas
897 645 927 669 et
954 641 1091 679 putridas
1118 642 1202 672 edit!
1212 657 1253 664 -·
1265 641 1346 682 [mu-

122 679 388 719 tatum———vinum]
407 690 544 719 vappam.
560 679 651 711 οἶνον
665 679 850 722 ἐκτροπὶαν.
860 698 902 703 -
913 681 1029 721 [parcit
1042 682 1218 724 defundere]
1237 687 1244 701 ‘
1255 695 1345 723 prop-

123 727 169 750 ter
198 722 415 759 parcimoniam
451 733 607 761 nunquam
639 724 722 753 aliud
751 724 856 753 vinum
892 724 951 754 nisi
979 726 1158 756 vilissimum
1191 728 1287 756 bibit?
1303 744 1347 749 --

126 761 316 803 [defundere]
347 775 385 794 ex
411 766 484 794 cado
508 765 540 794 in
566 771 713 795 crateram
738 772 830 804 atque
855 776 893 796 ex
917 767 973 796 hac
995 768 1027 796 in
1049 769 1164 807 pocula.
1179 785 1222 790 --
1235 767 1346 809 [Cujus

122 807 237 836 odorem
253 806 322 845 olei]
343 809 350 821 ⁴
362 808 473 842 oleum,
489 809 574 846 cujus
588 809 731 843 odorem:
746 809 814 842 &c.;
829 809 934 838 eadem
949 811 1138 846 attractione,
1154 813 1215 849 quii
1229 812 1346 841 Teren-

122 847 201 882 tius;
226 849 338 887 Populo
353 854 384 878 ut
397 851 549 888 placerent
563 861 635 890 quas
641 848 766 889 fecisset
771 849 904 889 fabulas.
916 867 959 872 —
973 850 1104 892 [licebit]
1129 860 1162 882 ut
1177 854 1275 892 Epod.
1293 854 1343 890 15,

125 889 173 920 19.
183 906 225 911 —
237 889 382 931 [repotia]
407 893 427 908 “
439 892 584 922 Postridie
601 893 720 930 nuptias
732 893 813 931 apud
828 903 938 922 novum
954 895 1097 924 maritum
1113 901 1257 932 comatur,
1273 897 1347 934 quia.

122 933 209 970 quasi
231 934 364 962 refieitur
386 934 531 972 potatio.’'
564 935 670 965 Festus
695 941 725 964 et
749 936 856 974 Porph.
894 936 1008 965 Contra
1031 939 1154 967 Acron.-
1189 939 1346 977 “Repetia

121 974 264 1004 dicuntur
278 976 430 1014 septimus
441 977 515 1012 dies,
538 987 598 1015 quo
620 987 696 1006 nova
715 978 790 1006 solet
810 983 905 1016 nupta
920 979 1018 1008 redire
1034 980 1072 1008 ad
1087 985 1227 1018 parentes
1242 982 1343 1011 suos.''

120 1031 163 1038 ·-—
175 1015 324 1057 [albatus]
350 1024 383 1047 ut
398 1020 534 1048 solebant
549 1020 655 1048 diebus
671 1019 754 1049 sestis
768 1021 894 1049 induere
907 1026 1009 1058 togam
1021 1031 1125 1051 recens
1137 1028 1291 1052 cretatam.
1301 1039 1345 1045 —-·

124 1057 401 1100 [cornu—bilibri]
424 1062 553 1097 ‘Cornu,
570 1063 649 1100 quod
665 1062 831 1091 sextarium
845 1062 934 1100 capit.
980 1063 1103 1093 Habent
1116 1065 1197 1094 enim
1213 1066 1345 1104 propolae

122 1111 245 1138 cornua,
268 1113 335 1140 quae
363 1103 442 1132 hanc
468 1104 526 1132 olei
549 1109 654 1133 tenent
677 1105 896 1141 quantitatem.¹
936 1105 1041 1135 Comm.
1068 1107 1155 1146 Cruq.
1188 1108 1196 1123 ‘
1210 1107 1279 1136 Non
1305 1117 1345 1137 ex

122 1144 306 1182 elegantiore
321 1145 423 1183 aliqua
439 1147 573 1184 ampulla
588 1146 710 1182 olearia,
725 1147 778 1175 sed
794 1156 831 1175 ex
847 1147 900 1176 vili
914 1156 1007 1176 cornu
1021 1147 1095 1186 ipse,
1112 1158 1149 1178 ne
1165 1159 1240 1187 puer
1254 1149 1345 1179 nimis

122 1185 247 1216 fortasse
261 1187 320 1216 olei
337 1188 509 1226 profundat,
534 1189 590 1216 hoc
603 1189 746 1226 guttatim
760 1188 835 1217 oleri
849 1188 992 1226 infundit,
1015 1195 1119 1220 contra
1134 1191 1242 1221 veteris
1255 1192 1344 1231 aceti,

123 1229 205 1266 quod
221 1229 334 1259 nullius
349 1235 394 1259 est
408 1231 506 1267 pretii,
523 1231 623 1268 largus
638 1241 702 1260 esse
717 1231 813 1260 solet.‘
995 1260 1000 1266 ,

166 1271 300 1301 64-66,
325 1270 441 1311 [aiunt]
467 1273 623 1310 Significat
638 1283 702 1302 esse
718 1273 919 1311 proverbium.
950 1273 1090 1303 Aliorum
1101 1275 1187 1314 angit
1201 1279 1247 1305 est
1260 1285 1345 1305 mera

124 1312 382 1351 interpolatio.-——
396 1312 559 1353 [Mundus]
593 1317 600 1330 ‘
616 1315 716 1344 Homo
742 1315 862 1353 sapiens
885 1317 1008 1346 mundus
1031 1322 1121 1354 atque
1143 1318 1262 1356 elegans
1287 1319 1345 1347 erit

124 1361 259 1391 eatenus,
283 1357 344 1394 qua
366 1357 498 1386 convivis
521 1367 676 1395 nunquam
698 1358 836 1386 sordibus
856 1367 999 1387 nauseam
1015 1357 1123 1393 faciat3
1147 1360 1203 1389 hoc
1216 1360 1343 1395 sufficit;

123 1397 250 1427 nimiam
274 1398 423 1427 lautitiam
440 1399 566 1428 vitabit!
612 1401 706 1428 Varro
726 1400 806 1438 apud
822 1400 899 1430 Gell.
917 1400 964 1435 13,
982 1401 1030 1436 ll,
1045 1402 1200 1431 Dominum
1222 1403 1346 1432 convivii

123 1450 184 1470 esse
199 1445 310 1479 oportet
325 1451 380 1470 non
396 1446 455 1470 tam
471 1442 582 1471 lautum
597 1453 683 1481 quam
697 1443 759 1472 sine
773 1443 1026 1482 sordibus—qua
1043 1444 1133 1481 vulgo
1148 1445 1345 1482 depravatum

124 1482 156 1511 in
172 1485 223 1522 qui
236 1483 308 1512 satis
322 1483 458 1512 firmatur
472 1494 489 1513 a
503 1484 598 1513 Codd.
613 1485 753 1514 Blandin.
765 1490 796 1513 et
807 1484 935 1514 Acrone.
945 1500 987 1506 —
998 1483 1051 1523 [In
1065 1490 1199 1515 neutram
1210 1485 1343 1526 partem]

124 1526 132 1540 ‘
146 1535 245 1563 neque
260 1525 291 1554 in
306 1526 457 1555 luxuriam
473 1536 528 1556 nec
542 1527 574 1555 in
589 1526 745 1556 avaritiam
761 1527 818 1556 erit
830 1528 918 1556 miser
931 1527 1027 1556 cultas
1037 1527 1044 1540 ’
1061 1526 1227 1567 (genitiv.),
1241 1528 1273 1558 id
1288 1534 1343 1564 est,

124 1566 228 1605 ‘quod
243 1568 282 1596 ad
305 1574 398 1597 totam
414 1569 483 1597 vitae
508 1576 641 1598 externae
666 1569 814 1598 rationem
836 1569 944 1598 attinet
957 1569 974 1603 ;'
997 1579 1064 1606 quae
1079 1576 1189 1600 constr.
1203 1579 1250 1600 vv.
1263 1568 1346 1608 felix

125 1614 156 1638 et
170 1611 257 1640 miser
276 1610 308 1639 in
331 1611 602 1640 exclamationibus
624 1611 744 1649 proprie
766 1612 875 1640 usitata
892 1610 1020 1650 (cerebri
1025 1609 1147 1650 felicem
1159 1614 1172 1641 !
1195 1613 1256 1642 Sat.
1273 1612 1300 1649 l,
1316 1614 1348 1651 9,

127 1651 180 1688 11)
198 1652 269 1681 hinc
283 1653 403 1682 transiit
418 1653 510 1682 etiam
525 1653 556 1682 in
573 1654 706 1682 sedatam
722 1653 899 1683 orationem.
1349 1687 1353 1690 ¹

165 1693 299 1728 67—69.
325 1692 462 1734 [Albuti]
488 1695 698 1733 Porphyrion:
722 1697 741 1711 “
757 1696 816 1724 Hic
836 1701 881 1724 est
897 1695 1048 1732 Albutius,
1064 1696 1116 1734 qui
1139 1702 1170 1726 et
1187 1706 1294 1726 avarus
1316 1702 1348 1726 et

123 1735 246 1774 elegans
262 1737 467 1766 conviviorum
483 1744 643 1776 apparator
656 1747 752 1766 saevus
767 1743 812 1767 est
824 1737 944 1767 habitus
959 1738 990 1767 in
1003 1738 1141 1768 servos:”
1157 1739 1251 1774 addit,
1266 1739 1348 1777 quod

123 1783 226 1807 utrum
251 1789 355 1807 verum
381 1780 420 1808 sit
444 1789 538 1809 necne
567 1779 715 1809 incertum
743 1785 805 1809 est:
830 1780 848 1796 ‘¹
858 1780 911 1818 qui
934 1781 971 1810 ob
997 1779 1194 1819 cupiditatem
1219 1781 1347 1811 nimiam

121 1820 254 1850 habendi
269 1822 396 1851 alienam
411 1821 485 1860 (sic:
510 1831 685 1857 uxoremne,
700 1832 739 1851 an
754 1823 912 1858 Allienum,
925 1832 1004 1852 nom.
1017 1833 1061 1860 pr.
1073 1821 1102 1861 T)
1119 1832 1245 1852 uxorem
1259 1833 1346 1853 suam

120 1872 237 1892 veneno
261 1863 407 1893 necavit.’'
453 1862 530 1902 (cfr.
548 1865 609 1894 Sat.
630 1865 659 1899 2,
685 1863 711 1900 l,
734 1862 978 1904 48.)—[didit]
1001 1866 1102 1895 didere
1124 1865 1205 1894 idem
1226 1865 1288 1895 fere
1310 1875 1346 1895 ae

121 1906 130 1920 ‘
141 1905 286 1944 dividere,
300 1906 498 1935 distribuere!
528 1908 535 1922 ‘
551 1907 630 1935 Dum
646 1916 747 1936 servos
761 1917 851 1936 suum
866 1917 1016 1945 quemque
1031 1916 1142 1937 munus
1157 1908 1195 1936 ad
1208 1917 1346 1937 mensam

121 1948 205 1977 obire
217 1949 314 1985 jubet,
330 1948 401 1986 quia
414 1948 472 1987 ipsi
488 1949 577 1978 nimis
593 1949 666 1978 lenti
683 1949 833 1985 videntur,
854 1950 978 1978 desaevit
993 1959 1103 1987 eosque
1120 1950 1197 1978 male
1213 1950 1344 1984 mulcat;

123 1992 184 2028 qua
200 1990 358 2020 iracundia
373 1996 404 2020 et
421 1991 478 2020 sibi
498 1997 527 2020 et
541 1991 674 2020 convivis
689 2000 783 2020 coenae
803 1991 914 2029 gaudia
934 1991 1118 2029 corrumpit!
1130 2007 1173 2012 -—
1186 1991 1342 2031 [Naevius]

125 2033 192 2061 ‘Ex
212 2034 308 2062 altera
323 2038 407 2071 parte
423 2043 483 2062 non
505 2033 606 2062 minus
629 2033 756 2062 offendit
777 2034 949 2063 convivator
973 2034 1138 2071 negligens,
1162 2039 1195 2062 ut
1212 2034 1345 2071 Naevius,

122 2074 213 2104 homo
238 2075 369 2112 ignotus,
396 2077 517 2114 simplex
529 2087 540 2109 ,·
563 2076 615 2114 qui
642 2081 763 2114 propter
788 2076 914 2105 nimiam
940 2076 1034 2105 animi
1057 2076 1222 2104 bonitatem
1244 2086 1346 2106 servos

120 2117 213 2146 etiam
229 2117 347 2146 desides
362 2127 396 2147 ac
411 2118 511 2156 pigros
533 2127 594 2147 non
610 2118 755 2156 castigat.’
767 2134 810 2139 ——
822 2116 971 2157 [unciam]
995 2118 1045 2146 ‘in
1065 2118 1163 2147 unctis
1177 2127 1199 2147 s.
1216 2119 1346 2148 sordidis

117 2159 280 2188 calicibus.'
313 2161 407 2189 Schol.

163 2201 297 2236 73—81.
323 2200 463 2242 [sederit]
489 2203 497 2218 ‘
508 2202 666 2241 quieverit,
689 2203 787 2231 nullos
802 2202 833 2231 in
850 2202 1018 2232 ventriculo
1033 2202 1180 2231 tumultus
1195 2202 1346 2238 excitarit,

120 2253 176 2273 nec
199 2254 344 2273 nauseam
365 2245 541 2274 fecerit.’——
555 2243 740 2284 [conchylia]
766 2245 878 2274 Omnes
899 2244 962 2274 fere
982 2245 1145 2279 concliulae,
1167 2250 1241 2273 teste
1257 2245 1346 2274 Celso

122 2287 152 2321 2,
175 2286 215 2316 28
238 2292 268 2315 et
289 2287 338 2322 29,
361 2287 448 2316 facile
470 2287 552 2316 intus
574 2292 809 2325 corrumpuntur
829 2287 991 2324 alvumque
1015 2284 1345 2325 movent.—-[Lenta]

118 2330 238 2359 viscous.
249 2344 290 2350 -—
305 2326 452 2369 [pituita]
476 2329 674 2368 trisyllabum.
689 2345 731 2351 --
743 2327 916 2368 [desurgat]
940 2330 972 2358 in
993 2329 1082 2367 prosii
1104 2338 1147 2358 or.
1163 2330 1172 2345 ‘
1184 2333 1289 2367 surgat
1308 2329 1346 2358 de
