1390 2586
137 128 220 170 234
568 129 933 159 INTERPRETATIO.
1226 0 1390 178 fleur}

1180 195 1182 198 .
1356 179 1371 200 ι

138 244 179 250 -
194 225 356 267 [pangere]
379 226 470 256 etiam
494 226 525 255 in
550 227 639 266 prosa
664 237 707 256 or.
731 226 792 256 Cic.
807 227 846 256 ad
870 226 954 255 Fam.
970 226 1019 261 16.
1040 225 1088 262 18,
1110 226 1226 265 aliquid
1243 202 1374 268 Sopho-c?

137 272 228 301 eleum
240 279 379 309 pangere.
1347 278 1363 284 ae

180 313 314 342 32—35.
347 311 472 350 [Gratia
494 313 536 340 sic
550 309 699 350 fratrum]
726 312 734 326 ‘
750 311 874 348 Propter
899 310 1027 340 similem
1051 310 1220 339 studiorum
1241 298 1366 340 disere-³*

137 355 273 394 pantiam
297 360 395 383 ortum
420 358 465 382 est
489 354 652 391 aliqnando
677 353 833 382 dissidium
854 353 932 382 inter
954 353 1037 382 Jovis
1059 358 1089 381 et
1105 353 1244 391 Antiopae
1266 352 1366 390 filiosjf

139 398 354 435 Amphionem,
377 396 424 424 cui
441 396 608 425 Mercurius
630 396 727 433 lyram
748 395 828 424 illam
845 405 998 424 murorum
1015 395 1226 424 Thebanorum
1249 391 1369 426 condi-'2

139 440 244 469 tricem
270 439 434 467 donaverat
459 437 530 474 (Od.
548 438 577 472 3,
603 438 651 472 ll,
680 437 712 475 l)
737 443 766 466 et
791 437 932 473 Zethum,
955 442 1102 475 pastorem
1129 442 1159 465 et
1183 436 1356 474 agricolam,

140 482 212 511 artis
230 481 351 510 musicae
374 486 620 518 contemptorem,
636 485 726 518 atque
747 479 870 508 omnino
892 479 1044 508 hominem
1061 478 1181 508 durum’
1205 478 1358 517 (Properto

141 525 170 559 3,
188 524 236 559 15,
259 521 326 562 29).
339 538 381 543 —
401 520 562 561 [dissiluit]
588 523 595 538 ⁸
612 522 747 558 celeriter
762 521 884 551 discissa
901 521 1017 550 est.’—-
1037 518 1201 560 [suspecta]
1225 523 1234 537 ‘
1250 521 1356 557 invisa,

142 575 232 604 qnam
248 567 352 594 oderat
374 565 463 593 hoino
487 574 607 594 severus
622 570 652 593 et
667 565 779 594 tristis.’
790 579 831 584 —
842 561 1008 602 [Moribus]
1031 565 1039 579 ⁴
1055 563 1166 602 quippe
1189 563 1239 601 qui
1256 563 1367 593 fratris*

141 608 345 637 morositatem
371 608 495 645 pulchre
520 612 629 641 nosset.
654 606 751 641 cessit,
774 616 812 635 ne
829 606 1016 644 implacabile
1035 606 1137 634 odium
1161 605 1239 634 inter
1254 606 1360 637 ambo}

142 650 296 680 oreretur!
321 666 363 670 —
387 647 582 688 [Amphion]
631 654 789 687 postquam
826 648 1028 686 respondisset
1063 647 1142 685 apud
1180 647 1375 686 Euripidem,

145 692 278 730 (Fragm.
308 691 445 726 Dindorf,
479 702 506 729 p.
524 692 572 725 83,
598 701 626 721 n.
653 691 719 728 30),
761 690 805 720 Τὸ
835 687 860 719 δ’
889 688 1023 725 ἀσθενές
1046 699 1107 729 μου
1133 688 1184 719 καὶ
1213 689 1249 719 τὸ
1273 687 1377 726 θῆλυι

144 733 293 774 σώματος
318 735 434 768 Κακῶς
459 731 626 774 ἑμέμφθης·
650 732 702 763 καὶ
726 732 788 773 γὰρ
807 730 832 762 εἰ
857 733 986 773 φρονεῖν
1010 730 1083 772 ἔχω,
1108 732 1269 771 Κρεῐσσον
1292 724 1374 761 &8⁸³

145 776 212 807 ἔστι
235 777 388 816 καρτεροῦ
414 774 605 816 βραχίονος,
635 777 730 814 lyram
767 777 822 804 sub
850 776 1008 813 chlamyde
1037 774 1163 809 abdidit,
1193 779 1226 803 ut
1253 779 1299 803 est
1324 774 1362 804 iti¹

144 820 317 857 anaglypho
332 819 411 856 apud
433 819 661 848 Winckehnann
677 819 806 847 Ilionam.
820 819 895 847 ined.
920 818 977 846 vol.
993 818 1022 850 2,
1043 827 1072 855 p.
1091 816 1158 846 113.

150 864 153 867 '
187 862 319 896 37-40.
346 859 486 900 [AEeolis]
523 862 541 876 “
564 861 716 898 Meleager
740 861 940 898 Calydonium
969 869 1075 898 aprum
1103 857 1212 887 nobilis
1237 854 1370 891 venatot'-

146 904 273 942 excepit.
327 904 400 932 Inde
426 903 581 941 epitheton
609 903 679 932 fecit
702 902 854 937 Horatius,
876 908 910 930 ut
938 902 1047 931 AEloh's
1068 901 1180 930 retibus
1205 900 1244 929 ad
1272 890 1378 938 aproni

146 946 232 976 sactis
256 946 490 983 intelligamus.''
522 946 628 984 Porph.
652 943 900 984 -[inhumanae]
930 945 1076 973 ‘morosae
1105 948 1135 972 et
1162 931 1379 978 truculentam*

148 999 242 1027 quum
265 989 363 1017 omnis
385 989 472 1017 Musa
490 988 623 1017 humana
646 994 675 1016 et
695 987 787 1016 comis
806 996 869 1016 esse
890 982 1211 1025 debean—[senium]
1235 983 1355 1017 morosi-
1372 987 1374 989 ’

148 1037 251 1067 tatem,
274 1041 318 1069 pr.
343 1031 439 1068 qualis
465 1031 495 1059 in
521 1030 642 1059 senibus
667 1039 731 1059 esse
757 1026 1084 1068 solet.—-[pulmenta]
1118 1029 1126 1043 ‘
1142 1037 1262 1056 carnem
1282 1025 1354 1056 fera·

149 1083 227 1108 rum,
252 1083 325 1111 quas
349 1083 409 1102 una
435 1072 621 1102 confeceritis
637 1073 659 1107 ς’
683 1082 750 1110 quae
775 1081 860 1100 coena
881 1072 926 1100 vel
953 1071 1020 1100 ideo
1042 1071 1138 1108 placet
1159 1069 1353 1098 venatoribus*
1377 1099 1381 1102 ,

149 1117 230 1154 quod
246 1115 365 1154 proprio
381 1116 481 1144 labore
496 1120 600 1153 parata
619 1119 672 1143 est.
684 1130 725 1135 -
739 1113 826 1153 [utile
844 1111 953 1152 samae]
977 1119 1097 1151 propter
1117 1113 1148 1141 id
1168 1111 1266 1150 ipsum
1282 1121 1321 1148 qu
1355 1143 1359 1146 .

150 1158 288 1187 assiduus
318 1163 442 1186 venator
470 1158 611 1186 abhorret
639 1156 677 1186 ab
705 1156 787 1185 omni
814 1156 957 1190 mollitie;
994 1156 1120 1194 ‘corpus
1143 1154 1237 1190 item‚’
1268 1153 1339 1182 addi

150 1202 159 1217 ⁶
173 1200 293 1230 venatio
307 1200 498 1228 corroborat!
1359 1203 1379 1226 ’ὲ

195 1243 326 1272 44-48.
351 1240 492 1281 [coronae]
517 1242 525 1257 ‘
541 1241 614 1276 Scis,
638 1250 698 1279 quo
719 1246 918 1278 spectatorum
937 1241 1044 1278 plausu
1067 1238 1098 1267 in
1117 1239 1231 1276 Campo
1253 1236 1370 1269 Marti&

152 1290 182 1314 te
196 1294 336 1314 exerceas
352 1285 504 1313 batuendo
530 1290 558 1313 et
579 1284 640 1322 pila
659 1283 820 1322 jaciendo:
865 1283 978 1312 Proelia
999 1282 1090 1318 igitur
1113 1286 1184 1310 sunt
1201 1278 1376 1310 certamina}

151 1327 277 1362 ludicra,
301 1337 367 1364 quae
396 1327 427 1355 in
457 1327 570 1364 Campo
595 1321 1108 1364 committuntur.—[Cantabrica]
1147 1323 1249 1354 Quum
1273 1321 1374 1358 dicatjs

152 1371 225 1399 duce
241 1370 379 1406 Augusto
391 1379 465 1407 puer
481 1369 544 1397 haec
569 1369 643 1398 bella
659 1369 764 1402 tulisti,
786 1367 911 1396 minime
935 1367 1126 1404 cogitandum
1143 1371 1187 1394 est
1202 1365 1239 1394 de
1256 1364 1365 1393 Canta-

151 1413 213 1441 bris
235 1413 272 1440 ab
291 1412 425 1450 Agrippa
441 1412 562 1440 demum
579 1418 685 1440 A.1J.C.
708 1410 769 1445 734
783 1409 938 1439 debellatis
955 1409 1049 1447 (Epp.
1067 1408 1094 1443 1,
1113 1407 1160 1442 12,
1175 1406 1241 1444 26),
1262 1405 1315 1435 sed
1328 1405 1371 1437 do.

153 1453 347 1493 expeditione
362 1454 393 1482 in
417 1454 581 1482 Cantabros
597 1459 627 1482 et
645 1454 767 1481 Astures
783 1460 813 1481 Α.
827 1460 858 1481 υ.
870 1459 897 1480 c.
917 1451 990 1486 729,
1015 1453 1051 1480 ab
1069 1451 1206 1486 Angusto
1219 1453 1378 1489 susceptas·

153 1503 194 1532 et,
219 1497 283 1535 ipse
303 1506 395 1534 quum
417 1496 447 1525 in
464 1497 600 1524 morbum
621 1495 777 1533 prolapsus
798 1499 884 1530 esset,
908 1495 946 1522 ab
971 1494 1034 1531 ejus
1056 1492 1162 1530 legatis
1186 1492 1218 1520 C.
1235 1490 1368 1520 Antistio

154 1545 185 1568 et
208 1540 242 1568 T.
257 1539 371 1568 Carisio
394 1539 475 1567 haud
498 1538 655 1567 infeliciter
677 1538 716 1566 ad
738 1537 828 1565 finem
849 1536 1000 1574 perducta.
1033 1535 1092 1564 Dio
1107 1535 1188 1563 Cass.
1203 1533 1253 1567 53,
1269 1533 1371 1562 25.-

157 1579 286 1620 [refigit]
318 1584 325 1597 ‘
343 1581 431 1610 Nunc
459 1581 558 1619 ipsum
588 1579 633 1618 (A.
653 1587 684 1608 u.
706 1587 733 1608 c.
763 1578 839 1617 734)
867 1578 1022 1616 Augustus
1051 1576 1226 1606 auctoritate
1256 1575 1310 1604 sua
1338 1578 1370 1604 et

154 1624 291 1662 potentia
312 1623 343 1652 id
366 1623 491 1661 perlicit,
514 1630 548 1652 ut
570 1623 734 1659 religantur
748 1631 765 1650 a
782 1621 959 1650 Parthorum
985 1619 1104 1657 templis
1123 1628 1206 1647 arma
1230 1622 1260 1646 et
1283 1617 1370 1655 signa

156 1667 264 1695 Crasso
288 1666 359 1694 olim
383 1667 523 1703 adempta
543 1670 571 1694 et
594 1674 611 1693 a
633 1664 759 1693 Phraate
784 1663 980 1692 restituantur
1003 1657 1276 1699 Romanis.’—-[si
1299 1656 1373 1698 quid

156 1706 254 1746 abest]
280 1708 328 1737 ‘si
348 1718 416 1746 quae
432 1708 514 1744 regio
532 1706 724 1744 longinquior
749 1706 883 1734 nondum
905 1706 1036 1742 subjecta
1057 1709 1112 1738 est,
1136 1710 1203 1732 eam
1225 1702 1256 1731 in
1280 1701 1371 1745 ditio-¹

156 1760 227 1779 nem
250 1751 353 1789 populi
381 1750 508 1778 Romani
532 1748 661 1786 redigit!
705 1747 881 1777 Armeniam
905 1747 1053 1784 significat
1078 1746 1185 1774 eodem
1209 1753 1289 1773 anno
1314 1743 1374 1772 Ar-

156 1793 246 1822 taxiae
275 1794 446 1830 ademptam
472 1797 502 1821 et
528 1790 650 1829 Tigrani
678 1786 1077 1829 traditam.—-[adjudicat]
1104 1789 1136 1817 V.
1161 1787 1316 1826 proprium
1338 1785 1373 1815 in

155 1835 267 1865 finibus
282 1835 435 1871 regundis.
467 1834 530 1863 Cic.
547 1834 583 1863 de
600 1834 657 1862 Off.
676 1833 702 1868 l,
717 1832 764 1862 10.
1061 1836 1064 1841 '
1368 1843 1370 1846 ’

199 1877 332 1911 49-57.
369 1874 446 1916 [Ac]
466 1877 560 1915 junge
586 1885 654 1904 cum
677 1885 702 1904 v.
726 1876 894 1907 interdum‚·
917 1883 962 1903 vv.
986 1883 1021 1902 ne
1041 1873 1189 1902 te—absis
1209 1871 1242 1900 in
1263 1879 1372 1909 paren·

157 1920 236 1950 thesi
264 1920 360 1957 posita
381 1925 461 1948 sunt.
478 1935 519 1939 —
532 1916 632 1957 [extra
653 1915 819 1956 numerum]
852 1915 941 1955 παρὰ
964 1915 1022 1945 τὸν
1045 1912 1170 1955 ῥυθμὸν
1193 1912 1266 1952 (τοῦ
1282 1909 1372 1951 βίου)

158 1966 244 1993 extra
258 1962 380 1996 modum,
404 1959 494 2001 παρὰ
515 1958 621 1999 μέλος·
645 1962 652 1976 ‘
668 1960 856 1994 inconcinne,
871 1964 973 1988 contra
994 1950 1373 1994 decorumst—[nugaris]

158 2006 167 2021 ‘
183 2004 271 2033 licitis
287 2004 364 2032 ludis
378 2010 406 2032 te
418 2003 566 2032 oblectas!
582 2019 623 2024 ——
636 2000 743 2041 [Actia
754 1998 1043 2040 pugna—refertur]
1067 1998 1250 2036 ‘imaginem
1265 2005 1375 2036 pugnae

160 2047 292 2076 Actiacae
312 2046 447 2081 exhibes,
469 2045 511 2074 ita
534 2050 567 2074 ut
590 2050 620 2074 tu
645 2044 786 2082 Augusti,
811 2043 902 2072 frater
924 2051 996 2072 natu
1022 2041 1119 2070 minor
1139 2039 1275 2075 Antonii,
1297 2037 1376 2068 servi

159 2089 317 2126 utriusque
340 2088 468 2116 militum
491 2093 591 2126 partes
613 2087 777 2124 agatis.’—
793 2083 959 2125 [Victoria]
984 2084 1115 2113 Victoria
1135 2083 1215 2111 alata
1235 2089 1377 2111 coronam

159 2132 293 2160 lauream
319 2130 421 2159 victori
443 2130 572 2168 imponit
594 2129 683 2158 etiam
707 2129 738 2157 in
761 2127 905 2162 nummis,
937 2137 1011 2165 quos
1033 2127 1200 2156 victoriatos
1221 2125 1376 2152 vocabant.

159 2189 202 2195 -—-
223 2171 520 2212 [utroque-pollice]
555 2172 588 2200 ln
611 2171 719 2210 pollice
747 2177 811 2199 erat
836 2176 867 2199 et
888 2169 997 2199 favoris
1024 2174 1054 2197 et
1076 2165 1238 2197 aversionis
1260 2164 1378 2202 signifi-

161 2215 262 2245 catio:
291 2225 361 2244 nam
387 2215 519 2244 faventes
544 2224 613 2243 eum
637 2214 823 2253 premebant,
847 2213 1048 2250 improbantes
1071 2211 1226 2239 vertebant
1246 2214 1326 2236 retro
1348 2210 1379 2236 et

162 2257 365 2294 subrigebant.
391 2258 480 2286 Hunc
495 2262 612 2294 gestum
629 2256 824 2284 nominabant
839 2253 974 2294 bifestum
990 2254 1131 2291 pollicem.
1155 2250 1232 2280 Plin.
1247 2249 1296 2285 28,
1308 2250 1339 2286 2,
1348 2250 1378 2285 5,

162 2300 296 2334 Pollices,
312 2310 397 2337 quum
404 2298 569 2338 faveamus,
581 2308 711 2336 premere
727 2299 814 2327 etium
825 2298 976 2335 proverbio
981 2295 1131 2335 jubemur.

203 2341 336 2372 58-62.
361 2339 534 2381 [Protinus]
559 2343 567 2357 ‘
582 2350 670 2379 porro
691 2338 872 2369 continuatis
893 2335 1214 2378 praeceptionibus.‘—
1227 2331 1271 2375 [si
1291 2329 1379 2374 quid]
