1390 2586
168 127 222 164 42
526 136 785 165 sA'rrnARUM
814 137 900 166 ΜΒ.
922 139 970 165 Π.
992 128 1030 166 5.

169 235 303 276 Docte
327 236 432 288 Cati,
453 250 523 290 per
541 235 755 276 amicitiam
777 236 968 291 divosque
988 245 1163 294 rogatus,

168 292 332 332 Ducere
354 307 416 332 me
437 292 629 340 auditum,
652 307 797 346 perges
818 308 1071 348 quocunque,
1093 307 1309 337 memento.

170 347 274 388 Nam
296 348 476 402 quamvis
496 349 642 388 referas
664 349 828 388 memori
849 349 945 389 mihi
966 359 1124 404 pectore
1146 360 1300 402 cuncta,
1331 356 1355 392 9

169 403 262 443 Non
285 412 416 444 tamen
438 404 634 458 interpres
656 405 890 445 tantundem
903 406 1078 461 juveris:
1107 407 1208 448 adde
1368 441 1370 444 ,

168 459 336 500 Vultum
358 460 618 514 habitumque
640 460 831 508 hominis3
854 476 974 515 quem
995 470 1038 503 tu
1059 463 1204 504 vidisse
1226 464 1365 506 beatus

170 515 261 555 Non
285 517 418 571 magni
438 517 591 570 pendis,
615 517 709 571 quia
729 517 918 572 contigit:
949 526 990 558 at
1010 518 1106 558 mihi
1127 533 1221 561 cura
1370 523 1372 526 ’

169 571 260 611 Non
284 573 492 612 mediocris
512 573 628 621 inest,
651 573 780 613 fontes
803 582 844 614 ut
864 573 973 614 adire
994 582 1164 616 remotos

169 630 306 683 Atque
327 628 483 669 haurire
505 643 648 683 queam
671 629 762 670 vitae
784 639 984 685 praecepta
1003 630 1143 672 beatae.
1331 632 1390 695 92

661 824 817 851 SATIRA
838 825 875 852 V.

167 897 259 938 Hoc
279 912 453 952 quoque,
477 899 647 948 Tiresia,
671 908 814 953 praeter
834 909 1001 949 narrata,
1024 902 1178 956 petenti

168 953 383 1008 Responde
401 970 409 994 :
439 955 584 1010 quibus
602 957 764 996 amissas
785 971 968 1011 reparare
989 971 1134 1012 queam
1155 973 1217 999 res

166 1010 332 1051 Artibus
352 1019 473 1065 atque
494 1012 633 1052 modis.
693 1013 804 1060 Quid
826 1012 960 1054 rides?
1016 1014 1159 1054 Jamne
1179 1014 1316 1055 doloso
1366 1033 1375 1059 4

167 1065 259 1106 Non
280 1067 373 1107 satis
394 1076 454 1108 est
476 1067 652 1108 Ithacam
674 1068 822 1117 revehi,
846 1068 1074 1124 patriosque
1095 1078 1260 1125 penates
1380 1070 1388 1084 ⁶

165 1122 417 1176 Adspicere?
477 1124 516 1164 O
537 1124 636 1164 nulli
658 1125 876 1179 quidquam
898 1126 1078 1175 mentite,
1101 1126 1211 1167 vides
1233 1134 1277 1167 ut
1353 1124 1389 1176 Ξῖ

166 1177 309 1219 Nudus
329 1179 525 1234 inopsque
547 1180 708 1220 domum
729 1181 902 1230 redeam,
925 1189 964 1222 te
986 1193 1088 1231 vate,
1110 1197 1243 1237 neque
1263 1182 1345 1223 illic

164 1235 250 1275 Aut
268 1236 461 1290 apotheca
482 1236 610 1290 procis
630 1237 778 1278 intacta
797 1246 869 1286 est,
890 1246 960 1278 aut
986 1252 1128 1294 pecus;
1158 1238 1271 1293 atqui
1375 1246 1379 1248 ’

164 1289 220 1330 Et
239 1305 379 1344 genus,
403 1301 444 1333 et
464 1293 602 1341 virtus,
625 1293 702 1333 nisi
722 1308 811 1333 cum
832 1308 888 1342 re,
911 1293 1026 1334 vilior
1045 1294 1138 1349 alga
1159 1303 1232 1335 est.

163 1345 339 1393 Quando
359 1349 605 1402 pauperiem,
628 1350 756 1390 missis
776 1350 1023 1404 ambagibus,
1047 1349 1195 1399 horres,

162 1403 314 1457 Accipe
335 1404 414 1458 qua
436 1404 588 1445 ratione
609 1420 732 1459 queas
751 1406 957 1446 ditescere.
1018 1405 1194 1455 Turdus,
1330 1407 1383 1454 102

164 1458 257 1499 Sive
278 1459 384 1500 aliud
408 1460 563 1514 privum
584 1461 743 1502 dabitur
765 1461 848 1510 tibi,
871 1461 1030 1502 devolet
1049 1462 1157 1510 illuc,

167 1515 246 1555 Res
269 1516 335 1556 ubi
355 1531 501 1572 magna
522 1517 634 1566 nitet,
657 1518 818 1558 domino
837 1533 958 1566 sene;
989 1517 1121 1558 dulcia
1140 1532 1271 1572 poma,

162 1570 217 1610 Et
236 1586 496 1627 quoscunque
517 1574 619 1614 feret
638 1574 767 1614 cultus
788 1574 859 1614 tibi
880 1574 1027 1614 fundus
1047 1574 1228 1623 honores,

161 1627 271 1667 Ante
296 1628 439 1669 Larem
461 1639 597 1684 gustet
618 1630 880 1670 venerabilior
904 1629 1006 1670 Lare
1028 1630 1164 1678 dives;

161 1682 258 1732 Qui,
282 1686 461 1738 quamvis
483 1686 666 1740 perjurus
687 1686 774 1734 erit,
796 1686 882 1726 sine
902 1695 1038 1741 gente,
1061 1693 1249 1727 cruentus
1326 1686 1376 1730 15

162 1741 367 1794 Sanguine
388 1741 575 1790 fraterno,
599 1742 816 1797 fugitivus;
847 1757 898 1782 ne
920 1751 1053 1782 tamen
1075 1742 1135 1782 illi

160 1795 227 1835 Tu
247 1811 378 1837 comes
399 1798 584 1846 exterior,
606 1798 638 1838 si
660 1798 846 1852 postulet,
869 1798 926 1838 ire
947 1813 1117 1839 recuses.

160 1851 273 1892 Utne
294 1861 429 1908 tegam
449 1868 592 1908 spurco
613 1854 757 1895 Damae
778 1854 910 1895 latus?
939 1855 1045 1895 haud
1065 1855 1120 1895 ita
1142 1853 1182 1895 T
1185 1854 1279 1909 rojae

160 1907 235 1948 Me
255 1910 374 1963 gessi,
397 1919 553 1950 certans
573 1925 732 1964 semper
754 1910 995 1951 melioribus.
1057 1910 1168 1966 Ergo

160 1964 320 2019 Pauper
340 1965 428 2006 eris.
463 1965 623 2007 Fortem
645 1966 719 2006 hoc
739 1967 917 2007 animum
939 1967 1107 2008 tolerare
1121 1966 1298 2021 jubebo:
1320 1968 1375 2006 20

159 2019 214 2060 Et
234 2022 433 2074 quondam
457 2023 606 2076 majora
625 2023 711 2062 tuli.
771 2022 838 2062 Tu
859 2023 1054 2077 protinus,
1076 2023 1183 2063 unde

157 2075 334 2118 Divitias
355 2078 523 2132 aerisque
545 2093 670 2127 ruam,
692 2078 755 2119 die
776 2094 917 2134 augur,
938 2094 1112 2120 acervos.

157 2131 258 2172 Dixi
281 2134 480 2188 equidem,
503 2143 544 2175 et
564 2135 662 2175 dico.
725 2135 874 2190 Captes
893 2144 1046 2176 astutus
1066 2134 1215 2189 ubique

156 2188 418 2231 Testamenta
436 2205 576 2231 senum
593 2207 601 2231 :
634 2207 726 2240 neu,
747 2192 780 2232 si
801 2192 910 2232 vafer
931 2205 1032 2232 unus
1052 2199 1093 2231 et
1110 2191 1211 2232 alter

158 2243 436 2287 Insidiatorem
458 2262 628 2302 praeroso
648 2248 799 2303 fugerit
817 2247 947 2296 hamo,
1321 2247 1374 2286 25

157 2301 244 2342 Aut
262 2316 373 2357 spem
394 2304 582 2358 deponas,
604 2314 674 2345 aut
691 2312 817 2346 artem
838 2304 976 2344 illusus
996 2302 1165 2344 omittas.
