1390 2586
52 0 76 15 *u

57 93 130 139 ἰιι
146 109 184 135 n.
198 97 248 143 a]
391 90 394 93 ’
493 94 870 129 ῙΝΤΕΒΡΒΕΤΑΤΙΟ.
1237 92 1320 135 159

61 203 219 237 absenti·
231 201 281 233 vel
293 199 460 236 cathedris,
476 204 611 230 attentas
626 207 717 229 aures
730 197 880 237 magistro
895 195 1066 236 praebituri.
1079 212 1121 218 —
1135 191 1258 235 [omnes‚
1271 207 1322 227 vos

62 244 184 288 udin]
209 247 220 264 ⁴
231 244 301 280 Vos.
316 244 369 284 qui
380 243 473 274 variis
489 242 572 278 vitiis
586 242 743 279 laboratis,
755 250 873 277 omnes,
889 241 942 270 sed
956 246 1039 269 certo
1056 240 1193 278 quodam
1209 240 1320 270 ordine

63 290 127 323 flue
139 291 255 326 adame,
269 293 304 319 ut
318 297 416 317 unum
432 292 500 326 post
515 287 648 316 alterum
664 295 722 324 ego
741 285 890 323 castigem
905 290 998 322 atque
1015 282 1189 322 con-rigam!

62 353 67 357 -
106 334 160 370 82,
184 331 235 364 83.
261 325 416 372 [ellebori]
444 330 625 360 Elleborum
648 329 775 367 nigrum
797 328 861 358 sive
883 333 1038 357 veratrum
1063 326 1122 356 alvi
1148 327 1321 365 purgandae

65 377 159 409 nune
169 377 301 407 dabatur
315 373 556 404 melancholicis.
569 389 611 394 —
623 366 753 411 [Nescio
767 369 824 411 an]
846 371 853 386 ‘
866 376 941 410 puto
958 379 1053 409 prope
1066 370 1084 405 ς’
1110 370 1128 399 Ι
1141 371 1222 399 don't
1235 370 1321 400 know

62 421 197 453 m
218 428 323 450 malon
346 419 415 448 does
438 421 498 452 not,
521 412 854 456 &a—[Anticyram]
880 414 912 443 in
941 414 1083 443 Phocide.
1113 414 1222 443 Strabo
1242 413 1272 448 9,
1287 413 1318 450 3,

65 458 263 504 Ἀπίκιρῥα,
279 457 454 502 ὁμώνυμος
470 459 510 501 τῇ
524 456 610 489 κατὰ
625 458 687 489 τὸν
704 457 883 488 Μαλιακὸν
897 452 1028 487 κόλπον
1044 455 1098 486 καὶ
1120 455 1186 494 τὴν
1203 455 1319 494 Οἴτην.

65 505 136 539 Καὶ
152 503 193 543 δή
215 509 318 547 φασιν
331 501 396 534 ἐκεῖ
417 501 478 534 τὸν
500 499 680 543 ἐλλέβορον
700 499 843 543 φύεσθαι
865 500 926 531 τὸν
946 498 1091 536 ἀστεῖον,
1114 498 1263 530 ἐνταῦθα
1287 497 1322 530 δὲ

62 545 278 584 ,πειράζεσθαι
292 545 440 586 βέλτιον,
453 557 480 577 κ.
493 556 521 576 τ.
537 544 569 575 λ.
579 561 623 567 -—
636 540 749 585 [ratio]
768 546 776 560 ‘
786 554 857 574 vera
872 544 1034 583 sapientia,
1050 544 1179 573 medicae
1192 553 1322 574 munere

160 592 269 622 ns.’-—
280 587 466 631 [destinare]
491 599 520 619 v.
535 589 695 628 proprium
711 589 750 618 de
765 587 1010 621 medicamentis,
1026 588 1034 603 ⁴
1046 587 1266 626 praescribere.'

106 634 243 670 84-87.
269 630 426 675 [Staberi]
451 633 584 666 Quintil.
605 631 634 667 7,
657 632 687 667 9,
713 632 744 666 9,
768 632 868 661 Heres
892 641 972 661 meus
998 629 1102 670 (uxori
1129 630 1222 669 meae)
1248 631 1323 661 dare

59 678 190 711 &mnae
204 683 275 709 exto.
300 677 384 708 Hinc
394 677 477 716 apud
492 675 656 706 Horatium
672 676 818 711 damnati,
835 674 1024 713 obligati.-—
1037 670 1189 714 [epulum]
1208 674 1323 713 populo

61 722 203 755 flandum
221 731 260 751 ex
275 721 384 751 famosi
402 719 522 759 nepotis
540 718 677 749 arbitrio.
723 719 763 750 Q..
793 718 875 747 Arrii
898 718 1025 756 epulum
1049 717 1179 747 funebre
1204 727 1323 747 memo-

60 770 151 797 ntur
175 775 194 795 a
219 765 369 794 Cicerone
390 763 422 793 in
448 763 552 793 Vatin.
580 761 631 800 12,
653 762 740 800 cujus
766 762 821 790 filii
847 766 880 791 ut
906 761 1026 800 prodigi
1053 766 1224 800 carpuntur
1249 770 1324 790 mox

63 817 95 840 v.
109 809 182 839 243.
193 803 264 847 -—[
287 812 410 838 uantum
424 808 509 836 metit
523 803 649 845 Africa]
676 805 732 834 Est
749 805 836 844 quasi
852 805 1061 843 proverbium.
1102 805 1160 834 Od.
1180 804 1208 841 l,
1227 804 1254 839 1,
1272 804 1322 835 10.

108 851 244 882 88-91.
283 851 340 881 Seu
355 847 452 890 recte]
469 849 530 880 Cfr.
548 849 607 878 Od.
623 848 652 882 3,
672 847 722 884 12,
734 848 772 878 3:
794 853 915 887 patruae
930 849 1055 878 verbera
1070 849 1190 888 linguae.
1215 850 1277 878 Sat.
1291 848 1323 884 2,

64 895 159 931 297.
169 910 212 916 —
224 890 326 934 [Quid
338 891 425 933 ergo]
448 895 455 908 ‘
467 893 545 926 Quae
559 901 634 930 ergo
647 893 725 922 ratio
740 901 813 921 eum
829 891 957 921 induxit
968 892 990 920 2’
1000 907 1044 913 —
1058 889 1198 931 [Quoad]
1215 901 1325 921 mono-

65 938 233 978 syllabum,
249 942 283 966 ut
297 937 413 973 dehinc,
430 941 462 966 et
475 937 583 966 deinde
600 935 702 974 bisyll.

108 981 162 1018 96,
185 981 237 1016 97.
263 977 497 1020 [construxerit]
526 980 535 995 ‘
548 984 582 1008 ut
606 984 724 1008 struem
751 978 938 1009 coacervarit
951 978 969 1014 ;’
997 978 1040 1008 sic
1066 979 1128 1008 Sat.
1159 978 1186 1015 1,
1215 978 1243 1015 l,
1271 978 1322 1015 44,

67 1029 252 1056 constructus
275 1020 651 1062 acervus.—[Sapiens⁷1e
661 1020 694 1062 ?]
722 1022 794 1052 Noli
818 1032 888 1051 cum
915 1022 1074 1051 nonnullis
1100 1022 1159 1051 hoc
1188 1022 1325 1052 tribuere

67 1067 218 1102 Ηοηῑὶος
243 1067 450 1106 Damasippus
466 1066 550 1096 enim
567 1075 604 1095 ex
624 1067 798 1095 Stoicorum
814 1075 898 1095 more
915 1075 947 1095 se
964 1066 1029 1104 ipse
1046 1066 1226 1103 interrogat.

111 1110 290 1142 loo-103.
315 1107 474 1150 [Graecus]
501 1109 537 1138 In
561 1109 654 1148 prosa
676 1118 723 1138 or.
749 1108 878 1138 sortasse
901 1109 1031 1138 dixisset
1050 1109 1228 1143 Graecqus:
1252 1118 1326 1138 nam

64 1153 184 1185 levitati
206 1153 340 1183 hominis
365 1152 576 1192 significandae
595 1151 725 1182 inservit
742 1152 802 1181 hoc
825 1152 1010 1181 attributum
1032 1152 1162 1182 minime
1181 1152 1325 1182 otiosum.

66 1195 197 1238 -[Nn·c
209 1194 293 1238 agit]
320 1197 391 1236 Ipse
410 1197 475 1235 jam
493 1195 658 1226 Stertinius
678 1205 745 1225 sese
761 1201 884 1225 revocat
900 1197 938 1225 ab
955 1196 1078 1234 incepta
1095 1196 1327 1234 comparatione

65 1238 150 1272 inter
172 1240 358 1276 Staberium,
382 1239 520 1269 avaritiae
543 1239 711 1278 specimen,
737 1244 769 1268 et
790 1238 998 1278 Aristippum,
1025 1239 1157 1268 nimium
1184 1239 1326 1278 pecuniae

66 1289 323 1323 contemptorem,
345 1292 464 1312 memor
479 1282 627 1322 praecepti
643 1282 733 1321 logici
750 1292 767 1311 a
784 1282 894 1312 Stoicis
919 1283 1035 1318 traditi,
1058 1284 1176 1312 nullam
1201 1289 1326 1312 contro-

66 1327 199 1358 versiam
215 1326 378 1357 contrariis
395 1325 546 1365 exemplis
561 1325 676 1361 dirimi,
701 1326 756 1355 sed
777 1326 852 1354 talia
869 1326 1065 1364 anquirenda
1081 1335 1158 1361 esse,
1182 1336 1252 1364 quae
1267 1326 1326 1356 etsi

66 1370 169 1410 primo
183 1375 311 1409 aspectu
331 1369 463 1404 diversa,
483 1374 587 1398 tamen
612 1378 644 1398 re
665 1369 839 1398 accuratius
859 1369 1016 1408 pens-itata
1031 1369 1127 1399 veluti
1144 1379 1199 1408 per
1215 1370 1326 1399 induc-

66 1414 185 1444 tionem
201 1422 308 1443 verum
324 1413 357 1442 in
373 1413 456 1442 clara
471 1413 539 1442 luce
553 1412 716 1442 collocent.

113 1455 290 1488 104—121.
319 1453 466 1496 [emptas]
493 1456 563 1485 Non
579 1461 625 1485 est
640 1454 822 1494 simpliciter
838 1455 992 1494 ‘easque,'
1005 1456 1064 1485 ,sed
1081 1457 1088 1471 ‘
1100 1456 1217 1494 statim,
1241 1461 1327 1495 post-

68 1509 163 1540 quam
191 1509 243 1530 eas
271 1500 398 1530 emisset
409 1500 426 1535 ς’
444 1515 486 1521 —-
505 1495 658 1539 [scalpra]
693 1500 927 1538 pariugdcnives
956 1510 989 1529 or
1018 1500 1100 1529 awls.
1115 1516 1158 1520 —
1172 1497 1326 1540 [formas]

67 1544 206 1575 laste.—-
217 1540 429 1583 [mercaturis]
456 1543 518 1572 dat.
539 1547 574 1571 ut
591 1542 651 1571 Od.
667 1542 697 1579 2,
712 1541 743 1577 4,
767 1541 816 1578 19,
838 1544 920 1573 lucro
935 1553 1077 1573 aversam.
1090 1559 1134 1564 -—
1147 1541 1326 1584 [Undique]

60 1585 102 1617 *in
125 1587 217 1626 prosa
235 1596 279 1616 or.
308 1587 366 1616 ‘ab
387 1585 551 1616 omnibus.’
564 1601 608 1606 ——
621 1582 901 1626 [soliis—amaris]
932 1592 966 1616 ut
991 1587 1134 1621 cichorei,
1161 1587 1273 1616 intubi.
1286 1603 1330 1608 —-

69 1627 246 1670 [jactatur]
274 1629 378 1660 Motus
397 1629 639 1659 febricitantium
659 1629 787 1658 violenti
803 1630 1029 1668 significantur.
1058 1631 1138 1660 Cels.
1155 1630 1185 1667 2,
1202 1630 1231 1668 4,
1248 1631 1331 1661 Mali

66 1674 163 1705 morbi
179 1674 378 1704 testimouium
392 1671 596 1712 est—jactare
613 1673 737 1702 brachia
752 1677 782 1702 et
796 1683 896 1703 crura.

114 1715 288 1748 123—129.
317 1714 391 1756 [Dis
411 1714 546 1756 inimice]
570 1713 663 1752 θεοῖς
676 1712 787 1755 ἐχθρὲ,
805 1718 813 1732 ‘
827 1715 877 1746 cui
898 1725 1006 1746 omnes
1031 1716 1062 1746 di
1085 1716 1157 1747 irati
1179 1716 1273 1747 sunt.'
1286 1733 1330 1738 —-

71 1757 237 1800 [coartabit]
268 1755 674 1799 absumet.—[porrigine]
706 1756 904 1800 πιτυριάσει,
929 1758 1077 1799 scurfi—
1091 1758 1265 1800 [perjuras]
1297 1761 1330 1790 in

69 1801 172 1832 solum
199 1812 243 1832 or.
272 1802 412 1832 molliore
441 1803 694 1841 pronuntiatione
720 1802 869 1842 pejerare.
883 1820 926 1826 —
943 1800 1104 1844 [surripis]
1142 1805 1329 1840 clanculum,

69 1843 174 1886 aufers
197 1843 447 1886 vi.--[caedere]
473 1844 776 1885 vulnerare.-[tuo
797 1857 868 1886 quos
890 1845 966 1886 aere]
998 1847 1053 1877 Est
1078 1850 1158 1886 conj.
1182 1848 1216 1876 T.
1237 1847 1331 1877 Fabri

69 1889 194 1920 firmata
215 1898 232 1918 a
253 1888 323 1918 Feae
344 1889 444 1919 Codd.
463 1888 536 1928 aliq.
575 1888 628 1919 Ad
644 1899 672 1918 v.
688 1893 754 1919 tuos
775 1889 855 1919 nihil
879 1890 1032 1920 attinebat
1053 1891 1235 1930 adjungere,
1259 1901 1331 1930 quos

68 1942 130 1964 aere
137 1933 270 1971 pararis.
315 1933 324 1948 ‘
336 1932 412 1961 ldeo
427 1933 511 1970 quod
527 1932 596 1962 mesi
607 1933 742 1971 pecunia
757 1942 861 1963 servos
877 1934 948 1971 emi,
965 1943 1017 1963 eos
1034 1944 1220 1973 quocunque
1236 1935 1329 1964 modo

69 1975 147 2006 mihi
164 1975 264 2014 placet
280 1979 422 2011 tractare,
437 1984 508 2005 meo
518 1976 590 2014 jure
606 1976 724 2005 caedere
740 1977 886 2014 possum!

116 2018 186 2049 132.
215 2016 318 2057 [Quid
349 2019 426 2048 em’m
438 2015 471 2058 Ρ]
511 2020 519 2034 ⁴
530 2018 606 2048 dicis
623 2019 646 2048 'l'
686 2019 775 2048 Idem
803 2030 899 2060 prope
930 2030 966 2050 ac
998 2021 1131 2060 quidni?
1166 2022 1331 2061 quippini?

69 2062 174 2092 ‘Sane
189 2061 306 2100 poteris
320 2061 397 2091 mihi
413 2062 557 2101 objicere,
582 2071 639 2100 ego
655 2062 746 2092 solita
760 2068 791 2093 et
811 2073 895 2093 nunc
911 2063 1086 2102 frequentia
1108 2065 1175 2094 haec
1194 2064 1332 2095 facinora

61 2114 168 2146 qaum
184 2104 252 2141 feci,
275 2104 403 2134 minime
419 2105 657 2144 aequiparandus
671 2115 740 2135 sum
757 2107 874 2145 tragico
889 2107 933 2136 illi
951 2108 1064 2141 Oresti,
1083 2108 1136 2146 qui
1154 2108 1246 2144 ferro,
1267 2118 1331 2138 non

64 2153 107 2180 ‚u
120 2149 204 2188 apud
221 2158 278 2178 nos
293 2148 338 2184 fit,
354 2148 465 2186 laqueo
479 2154 534 2178 aut
544 2158 674 2185 veneno,
693 2150 956 2188 Clytemnestram
972 2151 1096 2186 occidit,
1113 2161 1214 2190 neque
1227 2152 1331 2190 Argis.

68 2193 150 2223 urbe
164 2201 182 2222 a
198 2191 323 2230 tragicis
338 2191 510 2221 identidem
523 2192 695 2221 memoratri
709 2198 752 2231 et,
765 2193 790 2222 si
807 2193 851 2223 ita
867 2194 968 2223 dicere
984 2194 1066 2232 licet,
1083 2195 1213 2233 poetica,
1228 2196 1283 2225 sed
1298 2196 1332 2225 in

35 2268 43 2277 ,
67 2235 178 2267 nodia
192 2236 268 2265 urbe
286 2235 399 2270 Roma,
414 2234 559 2264 veneficis
575 2234 699 2271 referta,
714 2242 844 2266 matrem
863 2247 879 2266 e
895 2237 999 2266 medio
1015 2237 1147 2268 sustuli.¹

64 2291 82 2309 Α,
119 2277 294 2314 lav—144.
323 2276 415 2317 [male
432 2282 504 2308 tutae
518 2276 639 2318 meritis]
661 2279 798 2309 insanus.
830 2281 838 2296 ‘
850 2281 951 2309 Immo
967 2286 1073 2319 postea
1089 2281 1218 2312 sanioris
1235 2291 1332 2321 prope

75 2322 188 2366 nutis
202 2321 261 2351 fuit
277 2322 402 2352 Orestes
422 2331 515 2360 quam
538 2321 590 2351 illo
606 2327 721 2360 puncto
741 2323 900 2362 temporis,
927 2333 988 2362 quo
1004 2330 1135 2354 matrem
1153 2326 1331 2355 trucidavit.

75 2360 204 2396 Mn
224 2364 257 2395 in
274 2374 312 2395 eo
337 2365 500 2396 dumtaxat
527 2365 660 2405 deliquit
680 2365 921 2405 aliquantulum,
945 2367 1030 2406 quod
1051 2368 1208 2399 interdum
1235 2369 1332 2399 sorori
