1390 2586
142 120 224 163 236
562 122 926 154 INTERPRETATIO.
1238 119 1351 169 [amur

143 222 235 251 bibuli
249 221 355 260 liquidi
371 221 466 250 media
481 221 516 250 de
531 221 593 251 luce
610 222 739 257 Falerni,
761 222 823 256 sed,
847 227 880 251 ut
900 222 972 252 scite
987 222 1065 253 dixit
1080 222 1246 263 Beothius,
1271 228 1337 258 biba

141 263 302 292 ridiculum
332 270 377 292 est
400 267 533 301 potorum
561 262 723 294 ἐπίθετον.
762 264 796 301 2)
826 264 949 300 Verum,
978 267 1056 303 quod
1079 268 1290 304 gravissimum
1315 277 1342 300 e·

141 311 251 335 nostrae
265 305 389 334 rationis
405 311 627 343 argumentum,
642 306 748 344 putida
762 306 886 335 omnino
901 307 1041 337 videntur
1056 318 1102 338 vv.
1117 311 1214 341 media
1228 312 1264 341 de
1278 315 1345 342 noct

141 353 173 377 et
187 353 340 377 nocturnos
353 357 472 386 vapores
494 348 535 376 ita
551 357 614 377 sese
638 348 827 386 excipientia.
839 363 880 369 —
894 346 1045 389 [vapores]
1068 352 1078 366 '
1090 358 1179 382 aestus
1203 354 1341 384 nocturni

143 388 284 429 (fumes‚)
301 395 334 418 ut
348 389 439 418 etiam
455 399 534 418 nunc
551 390 630 419 Galli
646 395 676 420 et
691 390 759 420 Itali
775 391 814 419 les
828 401 963 429 vapeurs,
979 393 990 421 i
1005 395 1114 431 vapori.
1366 422 1371 424 .

184 432 236 467 81,
260 433 308 461 82.
334 429 470 471 [nubem]
495 434 502 447 ⁴
514 432 663 461 tristitiam
693 443 727 462 ac
752 433 942 462 severitatem
969 443 1036 463 cum
1059 436 1190 474 quadam
1213 428 1374 474 jactantia}

142 474 352 513 conjunctam.’
398 475 553 512 Frequens
582 474 690 512 imago.
727 475 787 504 Cic.
816 475 848 503 in
875 475 933 504 Pis.
959 476 988 511 9,
1017 479 1202 516 supercilium
1230 483 1311 509 tuum
1320 479 1371 504 —ul

133 515 247 555 frontis
261 521 318 546 tuae
332 517 512 546 nubeculam.
549 517 652 555 Eurip.
674 517 793 555 Hippol.
811 516 880 552 173,
905 517 1055 558 Στυγνὸν
1075 516 1101 548 δ’
1121 518 1249 560 ὀφρύων
1270 515 1371 560 vigued·

143 557 326 592 αὐξάνεται.
340 575 380 579 -
395 556 540 597 [obscuri]
564 560 572 574 ‘
587 560 680 597 Saepe,
705 560 757 597 qui
778 569 809 588 re
831 560 902 588 vera
925 561 1067 590 modestus
1089 566 1143 598 est,
1170 563 1290 592 videtur
1311 565 1373 595 clv-2·

142 611 253 636 scuras,
277 601 308 630 id
323 606 376 636 est,
393 598 578 640 κρυψίνους,
605 602 728 630 minime
749 606 870 639 apertus
890 606 918 630 et
940 601 1079 640 simplex,
1104 605 1157 633 sed
1172 605 1222 642 qui
1239 599 1374 638 intimos}

143 653 212 672 suos
227 653 331 672 sensus
346 643 453 672 callide
469 644 593 678 occulat,
619 646 783 673 taciturnus
803 653 906 673 rursus
928 645 1060 681 acerbus,
1083 646 1184 676 animo
1207 657 1225 676 a
1238 649 1370 686 potentess·

144 685 241 714 amico
256 686 331 714 clam
347 685 471 714 averso!
1368 686 1377 715 :¹³

185 727 317 757 83—86.
343 725 442 766 [Inter
456 726 575 766 cuncta]
600 729 607 743 ‘
618 728 699 757 omni
714 734 857 766 tempore,
870 727 901 756 in
917 729 1096 767 quacunque
1111 730 1281 760 conditione
1294 723 1378 762 vito*-

143 770 234 808 hujus
262 771 342 807 apud
371 775 523 808 potentem
554 770 682 799 amicum
714 771 940 799 transactae.’—
954 769 1064 811 [leges]
1093 773 1102 787 ‘
1114 772 1370 811 philosophorum

143 812 253 850 scripta
274 818 304 840 et
321 813 529 850 percontabere
550 813 700 850 sapientes
715 813 835 847 amicos,
859 823 927 842 num
941 820 970 842 te
985 813 1059 842 lucri
1075 820 1105 843 et
1119 815 1261 853 potentiae
1277 816 1377 854 cupi--y

144 854 233 887 ditas,
250 854 297 883 cui
313 864 430 892 semper
446 855 529 883 deest
541 855 654 892 aliquid
671 861 700 884 et
716 865 781 892 quae
794 865 948 892 nunquam
961 856 1109 894 expletur,
1121 857 1234 894 agitare
1246 852 1373 896 debeaq}

144 906 183 926 an
199 897 257 925 alia
272 896 391 925 vivendi
409 897 483 925 ratio
503 897 627 935 reperiri
647 898 739 935 possit
760 897 855 926 multo
871 897 1060 935 tranquillior
1075 907 1109 927 ac
1123 898 1246 932 felicior,
1269 901 1375 937 quami

145 948 201 976 ego
212 949 260 968 me
276 939 416 977 adeptum
429 948 492 968 esse
507 940 592 968 reor!
605 955 645 960 -——-
660 938 857 978 [mediocriter
868 938 998 978 utilium]
1016 950 1083 978 quae
1099 941 1189 970 Stoici
1205 934 1378 983 oidedqbopoe'(

144 983 300 1011 vocabant.
336 981 397 1010 Cic.
416 982 453 1010 de
477 981 566 1010 Finn.
581 981 610 1016 3,
630 981 678 1019 16,
702 982 841 1013 Quoniam
860 986 957 1011 autem
971 993 1061 1018 omne,
1086 985 1161 1022 quod
1182 987 1226 1013 est
1250 974 1379 1022 bonumss¹

142 1025 268 1062 primum
287 1025 377 1053 locum
398 1027 494 1053 tenere
512 1024 644 1058 dicimus,
664 1034 775 1053 necesse
790 1029 833 1053 est
854 1034 905 1053 nec
921 1025 1022 1053 bonum
1039 1035 1099 1054 esse
1113 1036 1165 1055 nec
1180 1026 1286 1055 malum
1301 1027 1381 1063 hoca

144 1067 220 1105 quod
230 1075 374 1104 proepos
384 1067 470 1095 itum
485 1066 530 1095 vel
541 1067 757 1104 proecipuum
773 1062 1011 1106 (προηγμένον)
1025 1069 1213 1097 nominamus.
1256 1067 1378 1108 Itaque-¹7.

143 1109 177 1138 id
199 1109 357 1145 definimus,
382 1109 457 1147 quod
469 1109 509 1137 sit
523 1108 692 1146 indifferens
706 1119 769 1138 cum
782 1110 972 1138 aestimatione
987 1110 1159 1139 mediocri
1167 1121 1179 1144 ,-
1197 1111 1275 1148 quod
1287 1105 1377 1141 enim!

143 1151 190 1180 illi
205 1147 382 1190 ἀδιάφορον
396 1151 506 1184 dicunt,
523 1151 554 1179 id
568 1151 638 1179 mihi
652 1152 695 1179 ita
709 1152 845 1186 occurrit,
860 1154 893 1180 ut
906 1148 1128 1189 indifferens
1142 1153 1275 1182 dicerem.
1371 1148 1374 1150 v

185 1192 318 1227 87—90.
343 1190 508 1231 [doctrina]
533 1192 626 1221 Solita
654 1193 900 1231 philosophorum
929 1193 1055 1231 quaestio
1080 1192 1152 1234 περὶ
1178 1191 1307 1233 ἀρετῆς,
1335 1186 1378 1224 εἰ)

144 1231 304 1264 διδακτόν·
333 1235 370 1263 de
400 1235 460 1272 qua
489 1234 540 1264 cfr.
570 1235 701 1264 Platonis
733 1235 904 1264 Menonem.
919 1250 961 1256 ——-
977 1232 1121 1274 [minuat]
1152 1234 1281 1276 μείωσις
1307 1246 1362 1275 pro

145 1278 154 1292 ‘
166 1277 271 1306 tollat!
284 1293 324 1297 —
338 1275 446 1315 [pure]
464 1278 471 1292 ‘
482 1277 596 1306 sincere
611 1286 645 1306 ac
659 1276 799 1315 perfecte,
814 1277 888 1306 adeo
903 1282 938 1306 ut
952 1277 1028 1306 nihil
1036 1278 1102 1316 jam
1116 1279 1194 1307 ultra
1209 1278 1362 1308 desidere-

144 1319 212 1348 tur!
257 1321 265 1334 ‘
277 1319 394 1351 Quibus
416 1319 523 1348 studiis
545 1328 664 1357 quoque
681 1319 748 1348 vitae
772 1319 909 1348 instituto
934 1319 972 1348 ad
996 1319 1144 1358 placidam
1169 1319 1363 1359 quietamque

144 1361 352 1391 constantiam'
371 1360 420 1399 (ut
434 1361 684 1399 tranquillitatem
699 1361 804 1390 definit
820 1361 923 1390 Cicero
940 1361 1027 1391 Tusc.
1042 1361 1070 1398 4,
1085 1360 1129 1400 5,)
1146 1363 1363 1400 ‘perventuru-

143 1403 184 1433 sis
196 1404 208 1433 i
232 1414 305 1432 num
321 1402 484 1432 ambitione
499 1409 529 1432 et
543 1403 671 1432 avaritia
681 1403 702 1431 2’
713 1419 755 1424 —-
766 1404 869 1433 semita
881 1401 996 1442 fallens
1017 1410 1062 1432 est
1081 1405 1177 1434 latens
1191 1404 1362 1435 multitudi-

143 1455 234 1481 nem3
257 1455 347 1484 quam
368 1445 506 1475 semitam
528 1446 580 1484 qui
599 1445 767 1483 ingreditur
788 1447 846 1475 iter
868 1445 959 1474 habet
980 1451 1121 1476 secretum
1143 1448 1181 1476 ab
1203 1447 1362 1478 hominum

143 1488 278 1526 vestigiis
291 1498 324 1518 ac
337 1488 520 1517 solitarium:
540 1488 594 1517 Est
609 1497 710 1517 rursus
725 1488 801 1517 illud
814 1484 897 1517 λάθε
910 1485 1043 1525 βιώσας,
1059 1494 1093 1517 ut
1109 1488 1187 1527 Epp.
1205 1489 1233 1518 1.
1246 1488 1294 1525 17,
1312 1489 1361 1519 10.

185 1530 318 1561 91-94.
343 1531 387 1559 De
400 1531 552 1569 Digentia,
567 1530 658 1559 hodie
673 1531 811 1566 Licenza,
828 1530 896 1559 vide
909 1531 985 1568 Epp.
1004 1529 1031 1566 l,
1047 1530 1095 1566 16,
1112 1530 1160 1560 12.
1170 1531 1364 1561 —Mandela

143 1572 234 1602 hodie
256 1573 400 1602 Bandela.
445 1573 618 1602 “Mandela
639 1582 734 1610 pagus
757 1577 802 1601 est
821 1572 910 1601 nimis
930 1573 1047 1610 algidus
1069 1578 1158 1610 atque
1182 1573 1365 1604 contrahens

141 1615 252 1653 frigore
265 1621 294 1644 et
308 1625 417 1653 rugosa
431 1614 542 1644 faciens
557 1615 712 1643 hominum
728 1614 881 1652 corporal’
914 1615 1022 1652 Porph.
1032 1613 1145 1654 —[Sit
1159 1613 1246 1654 mihi]
1271 1617 1278 1631 ‘
1290 1616 1362 1644 Per-

142 1664 264 1687 maneat
293 1657 378 1695 mihi,
407 1658 487 1694 quod
516 1666 596 1686 nunc
624 1657 779 1695 possideo;
814 1656 916 1692 etiam,
943 1656 967 1685 si
997 1662 1112 1695 partem
1138 1657 1181 1686 rei
1207 1657 1364 1687 familiaria

143 1700 281 1734 amisero,
311 1700 421 1728 idcirco
448 1699 597 1728 Infelicem
622 1708 682 1728 non
705 1709 754 1728 me
778 1700 931 1737 reputabo.
975 1699 1113 1728 Secundo
1137 1699 1202 1728 loco
1225 1705 1306 1738 opto,
1329 1705 1365 1730 ut

143 1743 224 1780 quod
241 1742 308 1770 vitae
324 1742 398 1770 mihi
414 1747 559 1779 superest,
581 1740 655 1770 mihi
670 1746 699 1770 et
713 1751 780 1770 meo
794 1742 884 1770 modo
899 1741 999 1770 vivere
1014 1741 1122 1771 liceat?

185 1783 235 1819 96,
250 1783 302 1818 97.
329 1781 482 1822 [provisae]
515 1784 582 1812 Non
605 1783 748 1819 avaritiae,
773 1783 826 1812 sed
849 1783 1016 1812 securitatis
1037 1784 1246 1812 tantummodo
1272 1784 1362 1813 caus&

143 1831 239 1865 optat,
262 1831 296 1855 ut
318 1826 373 1855 sibi
390 1825 485 1854 victus
500 1826 532 1854 in
548 1825 682 1863 singulos
697 1835 791 1855 annos
806 1826 944 1863 provisus
965 1825 1004 1854 sit
1026 1834 1061 1855 ac
1082 1830 1241 1864 propterea
1255 1831 1365 1856 certus.

143 1884 184 1889 —
196 1866 267 1907 [neu
275 1866 405 1906 fluitem]
424 1868 574 1900 Quartum
589 1873 643 1903 est,
659 1868 739 1905 quod
754 1874 846 1906 optat,
862 1873 896 1897 ut
907 1867 985 1896 vires
1001 1867 1095 1897 animi
1109 1873 1200 1906 atque
1215 1867 1374 1906 tranquilae

143 1910 212 1940 litas
229 1911 284 1940 sibi
301 1916 470 1948 suppetant,
495 1920 532 1939 ne
549 1919 684 1948 unquam
699 1909 778 1939 inter
793 1919 859 1948 spes
874 1919 908 1939 ac
929 1909 1050 1939 timores
1065 1915 1238 1948 ceterasque
1253 1909 1370 1940 mentia

144 1953 386 1991 perturbationes
402 1957 432 1981 et
447 1952 489 1981 rei
514 1953 683 1981 domesticae
703 1962 789 1981 curas
809 1952 918 1981 anxius
931 1958 1021 1990 atque
1035 1951 1167 1981 incertus
1181 1952 1275 1981 animi
1289 1961 1364 1990 pen-

143 1995 271 2024 deat.—
282 1992 427 2034 [fluitem]
452 1995 566 2024 Nature
582 1995 637 2023 hoc
652 1994 724 2023 dicit
737 1994 799 2023 Sat.
811 1995 840 2030 2,
853 1994 882 2029 7,
895 1994 923 2029 7.
949 1993 1095 2023 Usitatius
1107 1998 1150 2023 est
1157 1995 1364 2031 fluctuare.—

145 2035 320 2076 [pendulus]
354 2037 438 2066 nobis
461 2037 592 2075 proprie,
614 2038 646 2066 in
667 2034 984 2075 suspense—[hora]
1007 2037 1092 2066 Hora
1117 2036 1147 2065 b.
1170 2036 1201 2072 l.,
1225 2042 1258 2065 ut
1280 2036 1363 2073 Virg-

144 2080 239 2109 Catal.
268 2080 315 2114 12,
344 2079 391 2114 10,
413 2076 514 2117 fallax
544 2080 624 2114 hora,
647 2085 692 2108 est
719 2079 838 2108 fortuna
866 2079 897 2107 in
926 2079 1015 2108 horas
1037 2078 1166 2113 varians,
1189 2087 1256 2116 quae
1286 2079 1364 2106 bona

143 2128 270 2151 externa
286 2131 323 2150 ex
338 2122 453 2150 incerta
467 2131 501 2150 ac
516 2121 618 2150 mobili
634 2126 712 2150 sorte
727 2120 889 2159 pendentia
903 2121 993 2150 modo
1007 2121 1108 2155 donat,
1124 2120 1214 2149 modo
1227 2118 1332 2148 aufert.

185 2164 235 2199 98,
252 2164 302 2194 99.
326 2162 402 2202 [Sed
415 2161 504 2202 satis]
527 2164 534 2178 ‘
549 2163 619 2192 Post
632 2169 700 2192 vota
715 2163 752 2192 de
767 2163 829 2192 vita
843 2172 912 2192 vere
927 2162 1010 2191 vitali
1033 2167 1065 2191 et
1088 2162 1231 2191 librorum
1254 2161 1364 2199 frugis-

145 2215 204 2244 que
221 2207 299 2235 bona
314 2206 410 2244 copia,
421 2207 485 2244 jam
501 2203 589 2234 aliam
605 2215 724 2244 precem
740 2205 905 2241 addiderat,
919 2205 1010 2240 Neve,
1022 2204 1130 2242 inquit,
1137 2205 1253 2242 fluitem
1267 2205 1363 2233 duln'ae

144 2258 194 2286 spe
206 2249 351 2286 pendulus
365 2250 452 2283 horae,
479 2248 534 2277 hoc
549 2252 603 2283 est,
624 2253 658 2276 ut
672 2257 698 2277 v.
715 2248 755 2277 99
771 2247 897 2283 dixerat,
921 2247 989 2277 Neu
999 2256 1090 2285 pavor
1103 2250 1133 2276 et
1145 2255 1241 2275 rerum
1256 2247 1363 2275 medio-

146 2291 236 2320 criter
251 2291 366 2319 utilium
381 2300 445 2328 spes
459 2294 540 2320 vexet
555 2299 598 2319 me
613 2291 762 2329 agitetque
774 2300 784 2319 .·
807 2290 889 2328 quod
903 2298 996 2327 quum
1011 2288 1127 2327 aliquid
1141 2288 1207 2317 τῶν
1222 2285 1266 2327 ἐφ’
1282 2284 1364 2327 ἡμῖν

145 2338 176 2362 et
188 2332 221 2362 in
235 2332 364 2371 cujusvis
380 2338 526 2371 potestate
540 2332 588 2368 sit,
610 2338 714 2371 utpote
729 2341 789 2362 non
805 2332 844 2361 ad
860 2333 939 2361 bona
953 2335 1086 2366 externa,
1107 2330 1160 2360 sed
1174 2329 1213 2359 ad
1227 2329 1363 2359 animum

1350 339 1383 380 ὁ
