1390 2586
417 92 739 123 EPISTOLARUM
770 92 858 122 Lm.
881 93 911 120 1.
931 82 972 121 3.
1268 82 1322 121 59

76 196 236 240 Militat
253 196 297 238 in
315 195 428 238 silvis
449 194 619 236 catulus.
680 194 806 236 Nunc
824 193 972 236 adbibe
992 208 1095 250 puro

77 254 250 297 Pectore
271 253 396 295 verba
415 267 530 309 puer,
553 267 663 294 nunc
684 260 724 294 te
744 251 980 293 melioribus
1000 251 1113 293 offer.

75 311 174 362 Quo
193 310 322 353 semel
341 318 404 352 est
422 309 580 352 imbuta
598 324 754 360 recens,
776 309 953 351 servabit
972 309 1137 351 odorem

76 369 205 412 Testa.
223 368 306 410 diu.
368 367 495 417 Quod
514 367 548 409 si
570 382 713 418 cessas,
734 375 806 409 aut
825 375 1013 409 strenuus
1032 367 1175 418 anteis,

75 425 167 469 Nec
186 426 346 469 tardum
367 424 569 482 opperior,
592 440 669 466 nec
688 424 1013 482 praecedentibus
1033 425 1151 467 insto.
1269 428 1321 466 70

261 639 476 668 EPISTOLA
507 640 696 667 111.-—AD
728 639 906 668 JULIUM
938 638 1138 666 FLORUM.

73 716 159 760 Juli
182 716 317 768 Flore,
341 717 488 773 quibus
509 726 707 760 terrarum
728 717 877 759 militet
897 717 976 759 oris

75 774 287 826 Claudius,
311 775 491 832 Augusti
512 775 738 832 privignus,
760 775 863 816 scire
884 774 1033 816 laboro.

74 831 291 874 Thracane
311 848 394 883 vos,
419 832 670 888 Hebrusque
692 833 816 873 nivali
842 832 1037 888 compede
1057 831 1231 880 vinctus,

75 889 144 932 An
166 890 269 932 freta
288 890 441 932 vicinas
462 890 568 932 inter
588 890 793 932 currentia
812 898 956 940 turres,

73 948 143 989 An
165 947 341 1004 pingues
363 947 475 990 Asiae
495 948 627 1004 campi
649 947 855 1004 collesque
876 946 1117 989 morantur?
1296 947 1321 986 5

75 1003 190 1054 Quid
225 1005 404 1048 studiosa
441 1005 583 1047 cohors
618 1021 788 1062 operum
823 1005 944 1047 struit
963 1004 982 1046 P
1041 1004 1118 1046 hoc
1157 1017 1321 1060 quoque

187 1077 297 1104 curo.

75 1119 183 1169 Quis
202 1119 281 1162 sibi
300 1135 365 1162 res
384 1128 520 1177 gestas
542 1120 722 1177 Augusti
743 1119 920 1162 scribere
940 1118 1098 1162 sumit?

75 1177 194 1220 Bella
214 1177 306 1234 quis
326 1186 368 1220 et
388 1193 507 1234 paces
527 1178 696 1235 longum
717 1178 909 1220 diffundit
928 1177 970 1219 in
991 1175 1158 1220 aevum?

75 1235 191 1285 Quid
212 1235 364 1285 Titius,
389 1235 577 1278 Romana
597 1235 709 1277 brevi
729 1243 926 1278 venturus
946 1235 987 1276 in
1009 1251 1093 1286 ora,

75 1291 282 1334 Pindarici
304 1293 427 1335 fontis
448 1293 519 1349 qui
540 1308 620 1334 non
644 1293 844 1349 expalluit
863 1293 1044 1344 haustus,
1272 1293 1322 1332 10

75 1349 277 1393 Fastidire
298 1350 421 1401 lacus,
445 1360 486 1393 et
506 1350 612 1392 rivos
631 1365 752 1392 ausus
772 1350 963 1406 apertos?

76 1407 139 1450 Ut
158 1406 298 1450 valet?
328 1415 374 1450 ut
393 1408 580 1450 meminit
600 1407 757 1450 nostri?
786 1408 987 1450 fidibusne
1010 1407 1171 1450 Latinis

75 1464 297 1507 Thebanos
316 1473 456 1521 aptare
478 1465 619 1507 modos
638 1466 788 1516 studet,
810 1466 977 1522 auspice
1001 1465 1160 1509 Musa?

75 1522 146 1564 An
168 1522 321 1579 tragica
342 1522 510 1565 desaevit
531 1531 572 1565 et
592 1523 840 1579 ampullatur
860 1524 902 1564 in
924 1522 1041 1565 arte?

75 1579 190 1630 Quid
219 1580 319 1622 mihi
351 1580 497 1623 Celsus
526 1579 643 1638 agit?
673 1581 852 1623 monitus
875 1581 1133 1637 multumque
1153 1594 1326 1622 monen-

185 1638 273 1688 dus,
1271 1640 1322 1679 15

76 1694 260 1738 Privatas
280 1703 326 1738 ut
346 1702 501 1751 quaerat
521 1710 631 1752 opes,
655 1703 698 1737 et
717 1704 887 1753 tangere
909 1695 1012 1738 vitet

76 1751 249 1809 Scripta,
275 1753 486 1795 Palatinus
506 1768 762 1809 quaecunque
784 1754 940 1810 recepit
961 1753 1136 1810 Apollo;

76 1809 157 1860 Ne,
179 1809 213 1852 si
232 1810 336 1852 forte
356 1825 448 1852 suas
467 1811 688 1866 repetitum
708 1812 868 1853 venerit
889 1811 985 1852 olim

77 1867 194 1908 Grex
214 1867 350 1909 avium
371 1868 542 1924 plumas,
563 1876 726 1910 moveat
745 1869 950 1911 cornicula
969 1869 1095 1910 risum

76 1923 258 1967 Furtivis
277 1925 429 1967 nudata
447 1924 660 1967 coloribus.
723 1925 818 1982 Ipse
839 1926 937 1982 quid
958 1925 1114 1968 audes?
1269 1929 1323 1967 20

62 1981 184 2030 'Quae
205 1982 357 2024 circum
378 1982 520 2024 volitas
539 1983 659 2039 agilis
680 1983 852 2039 thyma?
882 1999 962 2025 non
986 1984 1061 2026 tibi
1082 1998 1252 2039 parvum

76 2038 312 2097 Ingenium,
335 2055 418 2081 non
438 2039 636 2082 incultum
658 2048 720 2082 est
740 2049 782 2083 et
803 2041 975 2097 turpiter
996 2041 1161 2082 hirtum.

79 2097 162 2139 Seu
182 2097 366 2153 linguam
388 2096 518 2139 causis
537 2098 662 2148 acuis,
684 2112 757 2139 seu
777 2098 905 2140 civica
917 2099 1014 2154 jura

78 2153 346 2210 Respondere
368 2169 496 2210 parem,
518 2169 590 2196 seu
611 2155 750 2197 condis
770 2156 944 2197 amabile
965 2171 1151 2206 carmem

20 2232 21 2236 =
78 2210 218 2254 Prima
237 2212 343 2253 feres
363 2211 525 2254 hederae
546 2211 720 2254 victricis
741 2213 928 2268 praemia:
962 2213 1106 2268 quodsi
1268 2218 1324 2256 ‘25

23 2275 46 2294 ²·
78 2267 247 2325 Frigida
266 2284 454 2311 curarum
474 2269 655 2311 fomenta
674 2270 907 2326 relinquere
928 2285 1078 2326 posses,

16 2350 18 2352 -
38 2331 39 2334 ’
78 2325 174 2375 Quo
194 2334 235 2369 te
256 2326 432 2370 coelestis
451 2326 652 2384 sapientia
671 2326 852 2379 duceret,
875 2327 967 2371 ires.

666 2397 693 2425 n
715 2388 741 2425 6
