<?xml version="1.0" encoding="UTF-8"?>
<!DOCTYPE html PUBLIC "-//W3C//DTD XHTML 1.0 Transitional//EN"
    "http://www.w3.org/TR/xhtml1/DTD/xhtml1-transitional.dtd">
<html xmlns="http://www.w3.org/1999/xhtml" xml:lang="en" lang="en">
 <head>
  <title>
</title>
<meta http-equiv="Content-Type" content="text/html;charset=utf-8" />
  <meta name='ocr-system' content='tesseract 3.04.00' />
  <meta name='ocr-capabilities' content='ocr_page ocr_carea ocr_par ocr_line ocrx_word'/>
</head>
<body>
  <div class='ocr_page' id='page_1' title='image "./eclogaehoratiana02horauoft_0059.png"; bbox 0 0 1390 2586; ppageno 0'>
   <div class='ocr_carea' id='block_1_1' title="bbox 406 111 1284 154">
    <p class='ocr_par' dir='ltr' id='par_1_1' title="bbox 406 111 1284 154">
     <span class='ocr_line' id='line_1_1' title="bbox 406 111 1284 154; baseline -0.003 -1"><span class='ocrx_word' id='word_1_1' title='bbox 406 123 671 154; x_wconf 74' lang='lat' dir='ltr'>SArmARUM</span> <span class='ocrx_word' id='word_1_2' title='bbox 702 122 791 151; x_wconf 84' lang='lat' dir='ltr'>L113.</span> <span class='ocrx_word' id='word_1_3' title='bbox 815 123 864 151; x_wconf 91' lang='lat'>11.</span> <span class='ocrx_word' id='word_1_4' title='bbox 887 111 927 151; x_wconf 85' lang='grc'>8.</span> <span class='ocrx_word' id='word_1_5' title='bbox 1235 111 1284 150; x_wconf 90' lang='grc'>51</span> 
     </span>
    </p>
   </div>
   <div class='ocr_carea' id='block_1_2' title="bbox 0 224 1308 2450">
    <p class='ocr_par' dir='ltr' id='par_1_2' title="bbox 0 224 1308 2450">
     <span class='ocr_line' id='line_1_2' title="bbox 41 224 936 285; baseline -0.006 -15"><span class='ocrx_word' id='word_1_6' title='bbox 41 226 217 285; x_wconf 85' lang='lat' dir='ltr'>Rapula,</span> <span class='ocrx_word' id='word_1_7' title='bbox 238 226 420 276; x_wconf 64' lang='lat' dir='ltr'>lactucae,</span> <span class='ocrx_word' id='word_1_8' title='bbox 441 225 609 276; x_wconf 84' lang='lat' dir='ltr'><strong>radices,</strong></span> <span class='ocrx_word' id='word_1_9' title='bbox 631 224 767 282; x_wconf 88' lang='lat' dir='ltr'>qualia</span> <span class='ocrx_word' id='word_1_10' title='bbox 787 224 936 266; x_wconf 91' lang='lat' dir='ltr'>lassum</span> 
     </span>
     <span class='ocr_line' id='line_1_3' title="bbox 41 279 1115 333; baseline -0.007 -5"><span class='ocrx_word' id='word_1_11' title='bbox 41 285 283 328; x_wconf 76' lang='lat' dir='ltr'>Pei-vellunt</span> <span class='ocrx_word' id='word_1_12' title='bbox 302 283 568 333; x_wconf 82' lang='lat' dir='ltr'>stomachum,</span> <span class='ocrx_word' id='word_1_13' title='bbox 591 283 704 332; x_wconf 88' lang='lat' dir='ltr'>siser,</span> <span class='ocrx_word' id='word_1_14' title='bbox 726 282 826 332; x_wconf 90' lang='lat' dir='ltr'>alec,</span> <span class='ocrx_word' id='word_1_15' title='bbox 849 280 994 323; x_wconf 79' lang='lat' dir='ltr'>faecula</span> <span class='ocrx_word' id='word_1_16' title='bbox 1016 279 1115 322; x_wconf 88' lang='lat' dir='ltr'>Coa.</span> 
     </span>
     <span class='ocr_line' id='line_1_4' title="bbox 40 340 1289 397; baseline -0.005 -12"><span class='ocrx_word' id='word_1_17' title='bbox 40 342 123 386; x_wconf 84' lang='lat' dir='ltr'>His</span> <span class='ocrx_word' id='word_1_18' title='bbox 143 341 213 384; x_wconf 90' lang='lat' dir='ltr'>ubi</span> <span class='ocrx_word' id='word_1_19' title='bbox 233 341 402 383; x_wconf 89' lang='lat' dir='ltr'>sublatis</span> <span class='ocrx_word' id='word_1_20' title='bbox 422 355 526 397; x_wconf 89' lang='lat' dir='ltr'>puer</span> <span class='ocrx_word' id='word_1_21' title='bbox 545 340 627 382; x_wconf 91' lang='lat' dir='ltr'>alte</span> <span class='ocrx_word' id='word_1_22' title='bbox 648 340 805 382; x_wconf 89' lang='lat' dir='ltr'>cinctus</span> <span class='ocrx_word' id='word_1_23' title='bbox 824 353 1012 381; x_wconf 89' lang='lat' dir='ltr'>acernam</span> <span class='ocrx_word' id='word_1_24' title='bbox 1239 341 1289 379; x_wconf 90' lang='lat'>10</span> 
     </span>
     <span class='ocr_line' id='line_1_5' title="bbox 41 395 1078 456; baseline -0.005 -14"><span class='ocrx_word' id='word_1_25' title='bbox 41 399 236 456; x_wconf 89' lang='lat' dir='ltr'>Gausape</span> <span class='ocrx_word' id='word_1_26' title='bbox 255 413 464 456; x_wconf 89' lang='lat' dir='ltr'>purpureo</span> <span class='ocrx_word' id='word_1_27' title='bbox 484 412 665 440; x_wconf 87' lang='lat' dir='ltr'>mensam</span> <span class='ocrx_word' id='word_1_28' title='bbox 688 396 890 454; x_wconf 79' lang='lat' dir='ltr'><strong>pertersit,</strong></span> <span class='ocrx_word' id='word_1_29' title='bbox 914 404 956 438; x_wconf 92' lang='lat' dir='ltr'>et</span> <span class='ocrx_word' id='word_1_30' title='bbox 975 395 1078 438; x_wconf 88' lang='lat' dir='ltr'>alter</span> 
     </span>
     <span class='ocr_line' id='line_1_6' title="bbox 42 453 1100 513; baseline -0.005 -14"><span class='ocrx_word' id='word_1_31' title='bbox 42 456 234 513; x_wconf 84' lang='lat' dir='ltr'>Sublegit</span> <span class='ocrx_word' id='word_1_32' title='bbox 253 456 530 512; x_wconf 87' lang='lat' dir='ltr'>quodcunque</span> <span class='ocrx_word' id='word_1_33' title='bbox 544 456 705 512; x_wconf 88' lang='lat' dir='ltr'>jaceret</span> <span class='ocrx_word' id='word_1_34' title='bbox 724 453 883 504; x_wconf 88' lang='lat' dir='ltr'>inutile,</span> <span class='ocrx_word' id='word_1_35' title='bbox 906 453 1100 509; x_wconf 92' lang='lat' dir='ltr'>quodque</span> 
     </span>
     <span class='ocr_line' id='line_1_7' title="bbox 41 511 1050 567; baseline -0.006 -10"><span class='ocrx_word' id='word_1_36' title='bbox 41 514 188 557; x_wconf 89' lang='lat' dir='ltr'>Posset</span> <span class='ocrx_word' id='word_1_37' title='bbox 207 521 418 555; x_wconf 84' lang='lat' dir='ltr'>coenantes</span> <span class='ocrx_word' id='word_1_38' title='bbox 438 513 646 555; x_wconf 89' lang='lat' dir='ltr'>offendere</span> <span class='ocrx_word' id='word_1_39' title='bbox 662 528 673 561; x_wconf 91' lang='lat'>;</span> <span class='ocrx_word' id='word_1_40' title='bbox 705 520 750 554; x_wconf 92' lang='lat' dir='ltr'>ut</span> <span class='ocrx_word' id='word_1_41' title='bbox 772 511 914 553; x_wconf 90' lang='lat' dir='ltr'>Attica</span> <span class='ocrx_word' id='word_1_42' title='bbox 932 511 1050 567; x_wconf 87' lang='lat' dir='ltr'>virgo</span> 
     </span>
     <span class='ocr_line' id='line_1_8' title="bbox 42 568 1120 627; baseline -0.005 -13"><span class='ocrx_word' id='word_1_43' title='bbox 42 571 150 614; x_wconf 90' lang='lat' dir='ltr'>Cum</span> <span class='ocrx_word' id='word_1_44' title='bbox 171 572 295 613; x_wconf 90' lang='lat' dir='ltr'>sacris</span> <span class='ocrx_word' id='word_1_45' title='bbox 317 571 495 620; x_wconf 88' lang='lat' dir='ltr'>Cereris,</span> <span class='ocrx_word' id='word_1_46' title='bbox 521 569 707 627; x_wconf 85' lang='lat' dir='ltr'>procedit</span> <span class='ocrx_word' id='word_1_47' title='bbox 726 569 864 611; x_wconf 89' lang='lat' dir='ltr'>fuscus</span> <span class='ocrx_word' id='word_1_48' title='bbox 886 568 1120 625; x_wconf 85' lang='lat' dir='ltr'>Hydaspes,</span> 
     </span>
     <span class='ocr_line' id='line_1_9' title="bbox 43 626 1292 681; baseline -0.005 -10"><span class='ocrx_word' id='word_1_49' title='bbox 43 628 223 672; x_wconf 85' lang='lat' dir='ltr'>Caecuba</span> <span class='ocrx_word' id='word_1_50' title='bbox 242 629 338 670; x_wconf 88' lang='lat' dir='ltr'>vina</span> <span class='ocrx_word' id='word_1_51' title='bbox 357 629 507 677; x_wconf 90' lang='lat' dir='ltr'>ferens,</span> <span class='ocrx_word' id='word_1_52' title='bbox 531 627 665 669; x_wconf 90' lang='lat' dir='ltr'>Alcon</span> <span class='ocrx_word' id='word_1_53' title='bbox 691 626 842 668; x_wconf 89' lang='lat' dir='ltr'>Chium</span> <span class='ocrx_word' id='word_1_54' title='bbox 864 626 986 668; x_wconf 84' lang='lat' dir='ltr'>maris</span> <span class='ocrx_word' id='word_1_55' title='bbox 1006 640 1167 681; x_wconf 82' lang='lat' dir='ltr'>expers.</span> <span class='ocrx_word' id='word_1_56' title='bbox 1241 627 1292 665; x_wconf 88' lang='lat'>15</span> 
     </span>
     <span class='ocr_line' id='line_1_10' title="bbox 41 683 1156 735; baseline -0.004 -7"><span class='ocrx_word' id='word_1_57' title='bbox 41 685 127 729; x_wconf 90' lang='lat' dir='ltr'>Hic</span> <span class='ocrx_word' id='word_1_58' title='bbox 147 686 294 728; x_wconf 85' lang='lat' dir='ltr'>herus:</span> <span class='ocrx_word' id='word_1_59' title='bbox 329 686 553 735; x_wconf 85' lang='lat' dir='ltr'>Albanum,</span> <span class='ocrx_word' id='word_1_60' title='bbox 578 684 802 734; x_wconf 73' lang='lat' dir='ltr'>Maecenas,</span> <span class='ocrx_word' id='word_1_61' title='bbox 825 684 911 726; x_wconf 90' lang='lat' dir='ltr'>sive</span> <span class='ocrx_word' id='word_1_62' title='bbox 934 683 1156 725; x_wconf 85' lang='lat' dir='ltr'>Falernum</span> 
     </span>
     <span class='ocr_line' id='line_1_11' title="bbox 42 742 1160 800; baseline -0.004 -14"><span class='ocrx_word' id='word_1_63' title='bbox 42 743 109 786; x_wconf 89' lang='lat' dir='ltr'>Te</span> <span class='ocrx_word' id='word_1_64' title='bbox 129 744 260 800; x_wconf 77' lang='lat' dir='ltr'>magis</span> <span class='ocrx_word' id='word_1_65' title='bbox 279 743 476 800; x_wconf 89' lang='lat' dir='ltr'>appositis</span> <span class='ocrx_word' id='word_1_66' title='bbox 496 742 686 792; x_wconf 86' lang='lat' dir='ltr'>delectat,</span> <span class='ocrx_word' id='word_1_67' title='bbox 708 742 906 783; x_wconf 88' lang='lat' dir='ltr'>habemus</span> <span class='ocrx_word' id='word_1_68' title='bbox 925 749 1160 797; x_wconf 88' lang='lat' dir='ltr'>utrumque.</span> 
     </span>
     <span class='ocr_line' id='line_1_12' title="bbox 42 799 1085 856; baseline -0.003 -13"><span class='ocrx_word' id='word_1_69' title='bbox 42 807 55 828; x_wconf 75' lang='lat'><strong><em>⁶</em></strong></span> <span class='ocrx_word' id='word_1_70' title='bbox 68 800 248 843; x_wconf 91' lang='lat' dir='ltr'>Divitias</span> <span class='ocrx_word' id='word_1_71' title='bbox 268 801 434 842; x_wconf 86' lang='lat' dir='ltr'>miseras</span> <span class='ocrx_word' id='word_1_72' title='bbox 451 801 462 843; x_wconf 74' lang='grc' dir='ltr'><strong><em>Ξ</em></strong></span> <span class='ocrx_word' id='word_1_73' title='bbox 496 799 579 842; x_wconf 92' lang='lat' dir='ltr'>Sed</span> <span class='ocrx_word' id='word_1_74' title='bbox 600 799 693 856; x_wconf 76' lang='lat' dir='ltr'>quis</span> <span class='ocrx_word' id='word_1_75' title='bbox 714 799 970 841; x_wconf 88' lang='lat' dir='ltr'>coenantibus</span> <span class='ocrx_word' id='word_1_76' title='bbox 991 814 1085 850; x_wconf 88' lang='lat' dir='ltr'>una,</span> 
     </span>
     <span class='ocr_line' id='line_1_13' title="bbox 43 856 1022 914; baseline -0.003 -13"><span class='ocrx_word' id='word_1_77' title='bbox 43 858 248 908; x_wconf 85' lang='lat' dir='ltr'>Fundani,</span> <span class='ocrx_word' id='word_1_78' title='bbox 270 857 439 914; x_wconf 89' lang='lat' dir='ltr'>pulchre</span> <span class='ocrx_word' id='word_1_79' title='bbox 460 858 585 899; x_wconf 87' lang='lat' dir='ltr'>fuerit</span> <span class='ocrx_word' id='word_1_80' title='bbox 606 857 694 908; x_wconf 86' lang='lat' dir='ltr'>tibi,</span> <span class='ocrx_word' id='word_1_81' title='bbox 717 871 836 899; x_wconf 89' lang='lat' dir='ltr'>nosse</span> <span class='ocrx_word' id='word_1_82' title='bbox 858 856 1022 898; x_wconf 88' lang='lat' dir='ltr'>laboro.&#39;</span> 
     </span>
     <span class='ocr_line' id='line_1_14' title="bbox 45 913 1298 972; baseline -0.003 -14"><span class='ocrx_word' id='word_1_83' title='bbox 45 916 238 959; x_wconf 83' lang='lat' dir='ltr'>Summus</span> <span class='ocrx_word' id='word_1_84' title='bbox 284 930 376 972; x_wconf 86' lang='lat' dir='ltr'>ego,</span> <span class='ocrx_word' id='word_1_85' title='bbox 424 923 467 958; x_wconf 91' lang='lat' dir='ltr'>et</span> <span class='ocrx_word' id='word_1_86' title='bbox 511 929 639 972; x_wconf 89' lang='lat' dir='ltr'>prope</span> <span class='ocrx_word' id='word_1_87' title='bbox 683 930 751 956; x_wconf 87' lang='lat' dir='ltr'>me</span> <span class='ocrx_word' id='word_1_88' title='bbox 792 914 941 956; x_wconf 85' lang='lat' dir='ltr'>Viscus</span> <span class='ocrx_word' id='word_1_89' title='bbox 981 913 1208 964; x_wconf 88' lang='lat' dir='ltr'>Thurinus,</span> <span class='ocrx_word' id='word_1_90' title='bbox 1255 919 1298 953; x_wconf 87' lang='lat' dir='ltr'>et</span> 
     </span>
     <span class='ocr_line' id='line_1_15' title="bbox 155 973 1296 1024; baseline -0.004 -10"><span class='ocrx_word' id='word_1_91' title='bbox 155 973 275 1024; x_wconf 86' lang='lat' dir='ltr'>infra,</span> <span class='ocrx_word' id='word_1_92' title='bbox 1240 973 1296 1011; x_wconf 80' lang='lat'>20</span> 
     </span>
     <span class='ocr_line' id='line_1_16' title="bbox 46 1029 1062 1081; baseline -0.001 -9"><span class='ocrx_word' id='word_1_93' title='bbox 46 1030 91 1073; x_wconf 88' lang='lat' dir='ltr'>Si</span> <span class='ocrx_word' id='word_1_94' title='bbox 111 1029 293 1081; x_wconf 87' lang='lat' dir='ltr'>memini,</span> <span class='ocrx_word' id='word_1_95' title='bbox 317 1029 493 1078; x_wconf 85' lang='lat' dir='ltr'>Varius;</span> <span class='ocrx_word' id='word_1_96' title='bbox 525 1044 619 1071; x_wconf 91' lang='lat' dir='ltr'>cum</span> <span class='ocrx_word' id='word_1_97' title='bbox 643 1029 817 1071; x_wconf 89' lang='lat' dir='ltr'>Servilio</span> <span class='ocrx_word' id='word_1_98' title='bbox 840 1029 1062 1071; x_wconf 87' lang='lat' dir='ltr'>Balatrone</span> 
     </span>
     <span class='ocr_line' id='line_1_17' title="bbox 44 1086 1055 1143; baseline -0.002 -13"><span class='ocrx_word' id='word_1_99' title='bbox 44 1087 249 1138; x_wconf 86' lang='lat' dir='ltr'>Vibidius,</span> <span class='ocrx_word' id='word_1_100' title='bbox 273 1102 376 1143; x_wconf 90' lang='lat' dir='ltr'>quos</span> <span class='ocrx_word' id='word_1_101' title='bbox 398 1086 609 1129; x_wconf 85' lang='lat' dir='ltr'>Maeeenas</span> <span class='ocrx_word' id='word_1_102' title='bbox 629 1086 859 1129; x_wconf 84' lang='lat' dir='ltr'>adduxerat</span> <span class='ocrx_word' id='word_1_103' title='bbox 879 1087 1055 1129; x_wconf 87' lang='lat' dir='ltr'>umbras.</span> 
     </span>
     <span class='ocr_line' id='line_1_18' title="bbox 45 1144 1085 1201; baseline -0.003 -13"><span class='ocrx_word' id='word_1_104' title='bbox 45 1145 331 1188; x_wconf 89' lang='lat' dir='ltr'>Nomentanus</span> <span class='ocrx_word' id='word_1_105' title='bbox 352 1154 439 1187; x_wconf 90' lang='lat' dir='ltr'>erat</span> <span class='ocrx_word' id='word_1_106' title='bbox 458 1160 581 1201; x_wconf 91' lang='lat' dir='ltr'>super</span> <span class='ocrx_word' id='word_1_107' title='bbox 601 1144 749 1201; x_wconf 91' lang='lat' dir='ltr'>ipsum,</span> <span class='ocrx_word' id='word_1_108' title='bbox 775 1144 945 1186; x_wconf 90' lang='lat' dir='ltr'>Porcius</span> <span class='ocrx_word' id='word_1_109' title='bbox 966 1145 1085 1195; x_wconf 89' lang='lat' dir='ltr'>infra,</span> 
     </span>
     <span class='ocr_line' id='line_1_19' title="bbox 47 1202 1012 1258; baseline -0.001 -13"><span class='ocrx_word' id='word_1_110' title='bbox 47 1202 265 1245; x_wconf 87' lang='lat' dir='ltr'>Ridiculus</span> <span class='ocrx_word' id='word_1_111' title='bbox 285 1210 390 1245; x_wconf 89' lang='lat' dir='ltr'>totas</span> <span class='ocrx_word' id='word_1_112' title='bbox 410 1202 532 1244; x_wconf 88' lang='lat' dir='ltr'>simul</span> <span class='ocrx_word' id='word_1_113' title='bbox 551 1202 770 1244; x_wconf 87' lang='lat' dir='ltr'>obsorbere</span> <span class='ocrx_word' id='word_1_114' title='bbox 791 1202 1012 1258; x_wconf 81' lang='lat' dir='ltr'>placentaS.</span> 
     </span>
     <span class='ocr_line' id='line_1_20' title="bbox 45 1259 1302 1315; baseline -0.002 -13"><span class='ocrx_word' id='word_1_115' title='bbox 45 1259 333 1302; x_wconf 88' lang='lat' dir='ltr'>Nomentanus</span> <span class='ocrx_word' id='word_1_116' title='bbox 352 1260 403 1302; x_wconf 86' lang='lat' dir='ltr'>ad</span> <span class='ocrx_word' id='word_1_117' title='bbox 422 1260 512 1310; x_wconf 91' lang='lat' dir='ltr'>hoc,</span> <span class='ocrx_word' id='word_1_118' title='bbox 535 1259 620 1315; x_wconf 92' lang='lat' dir='ltr'>qui,</span> <span class='ocrx_word' id='word_1_119' title='bbox 642 1259 677 1301; x_wconf 92' lang='lat' dir='ltr'>si</span> <span class='ocrx_word' id='word_1_120' title='bbox 697 1259 796 1315; x_wconf 93' lang='lat' dir='ltr'>quid</span> <span class='ocrx_word' id='word_1_121' title='bbox 817 1261 921 1302; x_wconf 88' lang='lat' dir='ltr'>forte</span> <span class='ocrx_word' id='word_1_122' title='bbox 942 1260 1101 1311; x_wconf 87' lang='lat' dir='ltr'>lateret,</span> <span class='ocrx_word' id='word_1_123' title='bbox 1246 1261 1302 1300; x_wconf 81' lang='lat'>25</span> 
     </span>
     <span class='ocr_line' id='line_1_21' title="bbox 47 1317 1065 1374; baseline -0.001 -14"><span class='ocrx_word' id='word_1_124' title='bbox 47 1317 191 1360; x_wconf 88' lang='lat' dir='ltr'>Indice</span> <span class='ocrx_word' id='word_1_125' title='bbox 212 1325 456 1360; x_wconf 88' lang='lat' dir='ltr'>monstraret</span> <span class='ocrx_word' id='word_1_126' title='bbox 475 1317 630 1374; x_wconf 87' lang='lat' dir='ltr'>digito:</span> <span class='ocrx_word' id='word_1_127' title='bbox 662 1332 757 1359; x_wconf 92' lang='lat' dir='ltr'>nam</span> <span class='ocrx_word' id='word_1_128' title='bbox 778 1326 914 1359; x_wconf 88' lang='lat' dir='ltr'>cetera</span> <span class='ocrx_word' id='word_1_129' title='bbox 934 1318 1065 1367; x_wconf 90' lang='lat' dir='ltr'>turba,</span> 
     </span>
     <span class='ocr_line' id='line_1_22' title="bbox 0 1374 1135 1432; baseline -0.001 -14"><span class='ocrx_word' id='word_1_130' title='bbox 0 1375 2 1394; x_wconf 70' lang='lat'>³</span> <span class='ocrx_word' id='word_1_131' title='bbox 47 1374 150 1426; x_wconf 85' lang='lat' dir='ltr'>Nos,</span> <span class='ocrx_word' id='word_1_132' title='bbox 172 1375 355 1431; x_wconf 89' lang='lat' dir='ltr'>inquam,</span> <span class='ocrx_word' id='word_1_133' title='bbox 378 1390 587 1417; x_wconf 90' lang='lat' dir='ltr'>coenamus</span> <span class='ocrx_word' id='word_1_134' title='bbox 606 1389 716 1424; x_wconf 86' lang='lat' dir='ltr'>aves,</span> <span class='ocrx_word' id='word_1_135' title='bbox 739 1374 966 1432; x_wconf 86' lang='lat' dir='ltr'>conchylia,</span> <span class='ocrx_word' id='word_1_136' title='bbox 989 1376 1135 1432; x_wconf 87' lang='lat' dir='ltr'>pisces,</span> 
     </span>
     <span class='ocr_line' id='line_1_23' title="bbox 49 1432 1130 1490; baseline -0.001 -15"><span class='ocrx_word' id='word_1_137' title='bbox 49 1432 198 1490; x_wconf 91' lang='lat' dir='ltr'>Longe</span> <span class='ocrx_word' id='word_1_138' title='bbox 219 1432 458 1475; x_wconf 87' lang='lat' dir='ltr'>dissimilem</span> <span class='ocrx_word' id='word_1_139' title='bbox 478 1440 576 1474; x_wconf 90' lang='lat' dir='ltr'>noto</span> <span class='ocrx_word' id='word_1_140' title='bbox 598 1432 772 1474; x_wconf 89' lang='lat' dir='ltr'>celantia</span> <span class='ocrx_word' id='word_1_141' title='bbox 792 1447 972 1483; x_wconf 87' lang='lat' dir='ltr'>succum,</span> <span class='ocrx_word' id='word_1_142' title='bbox 1002 1436 1005 1439; x_wconf 74' lang='grc'><strong><em>’</em></strong></span> <span class='ocrx_word' id='word_1_143' title='bbox 1124 1437 1130 1443; x_wconf 83' lang='grc'><strong>”</strong></span> 
     </span>
     <span class='ocr_line' id='line_1_24' title="bbox 50 1489 1088 1546; baseline 0 -13"><span class='ocrx_word' id='word_1_144' title='bbox 50 1489 114 1533; x_wconf 87' lang='lat' dir='ltr'>Ut</span> <span class='ocrx_word' id='word_1_145' title='bbox 133 1491 199 1533; x_wconf 91' lang='lat' dir='ltr'>vel</span> <span class='ocrx_word' id='word_1_146' title='bbox 219 1490 414 1532; x_wconf 92' lang='lat' dir='ltr'>continuo</span> <span class='ocrx_word' id='word_1_147' title='bbox 434 1489 580 1546; x_wconf 81' lang='lat' dir='ltr'>patuit,</span> <span class='ocrx_word' id='word_1_148' title='bbox 603 1505 731 1545; x_wconf 90' lang='lat' dir='ltr'>quum</span> <span class='ocrx_word' id='word_1_149' title='bbox 751 1490 925 1545; x_wconf 85' lang='lat' dir='ltr'>passeris</span> <span class='ocrx_word' id='word_1_150' title='bbox 945 1490 1023 1532; x_wconf 89' lang='lat' dir='ltr'>assi</span> <span class='ocrx_word' id='word_1_151' title='bbox 1045 1498 1088 1533; x_wconf 91' lang='lat' dir='ltr'>et</span> 
     </span>
     <span class='ocr_line' id='line_1_25' title="bbox 50 1546 1303 1605; baseline 0 -16"><span class='ocrx_word' id='word_1_152' title='bbox 50 1546 264 1605; x_wconf 85' lang='lat' dir='ltr'>Ingustata</span> <span class='ocrx_word' id='word_1_153' title='bbox 283 1547 383 1589; x_wconf 92' lang='lat' dir='ltr'>mihi</span> <span class='ocrx_word' id='word_1_154' title='bbox 403 1557 641 1604; x_wconf 84' lang='lat' dir='ltr'>porrexerat</span> <span class='ocrx_word' id='word_1_155' title='bbox 661 1547 731 1588; x_wconf 90' lang='lat' dir='ltr'>ilia</span> <span class='ocrx_word' id='word_1_156' title='bbox 751 1547 921 1589; x_wconf 89' lang='lat' dir='ltr'>rhombi.</span> <span class='ocrx_word' id='word_1_157' title='bbox 1248 1550 1303 1589; x_wconf 84' lang='lat'>30</span> 
     </span>
     <span class='ocr_line' id='line_1_26' title="bbox 50 1604 1124 1655; baseline 0 -8"><span class='ocrx_word' id='word_1_158' title='bbox 50 1604 152 1647; x_wconf 91' lang='lat' dir='ltr'>Post</span> <span class='ocrx_word' id='word_1_159' title='bbox 171 1605 248 1647; x_wconf 90' lang='lat' dir='ltr'>hoc</span> <span class='ocrx_word' id='word_1_160' title='bbox 267 1619 333 1647; x_wconf 88' lang='lat' dir='ltr'>me</span> <span class='ocrx_word' id='word_1_161' title='bbox 354 1605 505 1655; x_wconf 89' lang='lat' dir='ltr'>docuit,</span> <span class='ocrx_word' id='word_1_162' title='bbox 527 1604 736 1647; x_wconf 89' lang='lat' dir='ltr'>melimela</span> <span class='ocrx_word' id='word_1_163' title='bbox 754 1604 901 1646; x_wconf 87' lang='lat' dir='ltr'>rubere</span> <span class='ocrx_word' id='word_1_164' title='bbox 922 1605 1124 1647; x_wconf 88' lang='lat' dir='ltr'>minorem</span> 
     </span>
     <span class='ocr_line' id='line_1_27' title="bbox 50 1661 1125 1720; baseline 0.001 -16"><span class='ocrx_word' id='word_1_165' title='bbox 50 1662 120 1705; x_wconf 86' lang='lat' dir='ltr'>Ad</span> <span class='ocrx_word' id='word_1_166' title='bbox 140 1662 278 1705; x_wconf 90' lang='lat' dir='ltr'>lunam</span> <span class='ocrx_word' id='word_1_167' title='bbox 300 1662 470 1705; x_wconf 89' lang='lat' dir='ltr'>delecta.</span> <span class='ocrx_word' id='word_1_168' title='bbox 531 1661 648 1711; x_wconf 84' lang='lat' dir='ltr'>Quid</span> <span class='ocrx_word' id='word_1_169' title='bbox 669 1662 746 1704; x_wconf 85' lang='lat' dir='ltr'>hoc</span> <span class='ocrx_word' id='word_1_170' title='bbox 766 1662 941 1713; x_wconf 88' lang='lat' dir='ltr'>intersit,</span> <span class='ocrx_word' id='word_1_171' title='bbox 964 1663 1015 1705; x_wconf 91' lang='lat' dir='ltr'>ab</span> <span class='ocrx_word' id='word_1_172' title='bbox 1035 1663 1125 1720; x_wconf 90' lang='lat' dir='ltr'>ipso</span> 
     </span>
     <span class='ocr_line' id='line_1_28' title="bbox 51 1719 1075 1772; baseline 0 -10"><span class='ocrx_word' id='word_1_173' title='bbox 51 1719 245 1763; x_wconf 87' lang='lat' dir='ltr'>Audieris</span> <span class='ocrx_word' id='word_1_174' title='bbox 265 1720 425 1762; x_wconf 86' lang='lat' dir='ltr'>melius.</span> <span class='ocrx_word' id='word_1_175' title='bbox 487 1720 600 1772; x_wconf 77' lang='lat' dir='ltr'>Tum</span> <span class='ocrx_word' id='word_1_176' title='bbox 622 1719 815 1762; x_wconf 90' lang='lat' dir='ltr'>Vibidius</span> <span class='ocrx_word' id='word_1_177' title='bbox 838 1720 1047 1763; x_wconf 86' lang='lat' dir='ltr'>Balatroni</span> <span class='ocrx_word' id='word_1_178' title='bbox 1066 1737 1075 1762; x_wconf 74' lang='grc' dir='ltr'>ε</span> 
     </span>
     <span class='ocr_line' id='line_1_29' title="bbox 51 1776 1094 1829; baseline 0 -9"><span class='ocrx_word' id='word_1_179' title='bbox 51 1776 153 1829; x_wconf 88' lang='lat' dir='ltr'>Nos,</span> <span class='ocrx_word' id='word_1_180' title='bbox 177 1777 255 1819; x_wconf 90' lang='lat' dir='ltr'>nisi</span> <span class='ocrx_word' id='word_1_181' title='bbox 277 1778 470 1820; x_wconf 91' lang='lat' dir='ltr'>damnose</span> <span class='ocrx_word' id='word_1_182' title='bbox 491 1777 682 1828; x_wconf 89' lang='lat' dir='ltr'>bibimus,</span> <span class='ocrx_word' id='word_1_183' title='bbox 705 1778 926 1819; x_wconf 88' lang='lat' dir='ltr'>moriemur</span> <span class='ocrx_word' id='word_1_184' title='bbox 946 1778 1094 1829; x_wconf 84' lang='lat' dir='ltr'>inulti3</span> 
     </span>
     <span class='ocr_line' id='line_1_30' title="bbox 53 1833 1305 1892; baseline -0.002 -15"><span class='ocrx_word' id='word_1_185' title='bbox 53 1833 111 1878; x_wconf 89' lang='lat' dir='ltr'>Et</span> <span class='ocrx_word' id='word_1_186' title='bbox 130 1835 276 1877; x_wconf 88' lang='lat' dir='ltr'>calices</span> <span class='ocrx_word' id='word_1_187' title='bbox 295 1835 427 1892; x_wconf 89' lang='lat' dir='ltr'>poscit</span> <span class='ocrx_word' id='word_1_188' title='bbox 445 1835 632 1891; x_wconf 89' lang='lat' dir='ltr'>majores.</span> <span class='ocrx_word' id='word_1_189' title='bbox 692 1835 868 1878; x_wconf 87' lang='lat' dir='ltr'>Vertere</span> <span class='ocrx_word' id='word_1_190' title='bbox 889 1836 1019 1891; x_wconf 91' lang='lat' dir='ltr'>pallor</span> <span class='ocrx_word' id='word_1_191' title='bbox 1250 1837 1305 1876; x_wconf 87' lang='lat'>35</span> 
     </span>
     <span class='ocr_line' id='line_1_31' title="bbox 52 1890 1150 1949; baseline 0.002 -15"><span class='ocrx_word' id='word_1_192' title='bbox 52 1890 165 1934; x_wconf 89' lang='lat' dir='ltr'>Tum</span> <span class='ocrx_word' id='word_1_193' title='bbox 186 1892 352 1949; x_wconf 86' lang='lat' dir='ltr'>parochi</span> <span class='ocrx_word' id='word_1_194' title='bbox 372 1893 533 1943; x_wconf 83' lang='lat' dir='ltr'>faciem,</span> <span class='ocrx_word' id='word_1_195' title='bbox 555 1893 614 1934; x_wconf 88' lang='lat' dir='ltr'>nil</span> <span class='ocrx_word' id='word_1_196' title='bbox 634 1892 692 1935; x_wconf 90' lang='lat' dir='ltr'>sic</span> <span class='ocrx_word' id='word_1_197' title='bbox 712 1893 947 1944; x_wconf 85' lang='lat' dir='ltr'>metuentis,</span> <span class='ocrx_word' id='word_1_198' title='bbox 971 1901 1017 1935; x_wconf 92' lang='lat' dir='ltr'>ut</span> <span class='ocrx_word' id='word_1_199' title='bbox 1036 1907 1150 1936; x_wconf 89' lang='lat' dir='ltr'>acres</span> 
     </span>
     <span class='ocr_line' id='line_1_32' title="bbox 54 1949 1041 2006; baseline 0 -14"><span class='ocrx_word' id='word_1_200' title='bbox 54 1949 243 2004; x_wconf 80' lang='lat' dir='ltr'>Potores‚</span> <span class='ocrx_word' id='word_1_201' title='bbox 263 1950 332 1992; x_wconf 91' lang='lat' dir='ltr'>vel</span> <span class='ocrx_word' id='word_1_202' title='bbox 352 1949 462 2006; x_wconf 92' lang='lat' dir='ltr'>quod</span> <span class='ocrx_word' id='word_1_203' title='bbox 482 1949 587 1992; x_wconf 88' lang='lat' dir='ltr'>male</span> <span class='ocrx_word' id='word_1_204' title='bbox 608 1950 750 1992; x_wconf 87' lang='lat' dir='ltr'>dicunt</span> <span class='ocrx_word' id='word_1_205' title='bbox 770 1950 952 2001; x_wconf 87' lang='lat' dir='ltr'>liberius,</span> <span class='ocrx_word' id='word_1_206' title='bbox 974 1951 1041 1993; x_wconf 87' lang='lat' dir='ltr'>vel</span> 
     </span>
     <span class='ocr_line' id='line_1_33' title="bbox 54 2005 1101 2065; baseline -0.001 -14"><span class='ocrx_word' id='word_1_207' title='bbox 54 2005 232 2051; x_wconf 87' lang='lat' dir='ltr'>Fervida</span> <span class='ocrx_word' id='word_1_208' title='bbox 252 2007 362 2064; x_wconf 91' lang='lat' dir='ltr'>quod</span> <span class='ocrx_word' id='word_1_209' title='bbox 383 2007 532 2049; x_wconf 89' lang='lat' dir='ltr'>subtile</span> <span class='ocrx_word' id='word_1_210' title='bbox 552 2008 774 2050; x_wconf 83' lang='lat' dir='ltr'>exsurdant</span> <span class='ocrx_word' id='word_1_211' title='bbox 792 2008 888 2051; x_wconf 90' lang='lat' dir='ltr'>vina</span> <span class='ocrx_word' id='word_1_212' title='bbox 907 2008 1101 2065; x_wconf 86' lang='lat' dir='ltr'>palatum.</span> 
     </span>
     <span class='ocr_line' id='line_1_34' title="bbox 55 2063 770 2108; baseline 0 0"><span class='ocrx_word' id='word_1_213' title='bbox 55 2063 276 2108; x_wconf 81' lang='lat' dir='ltr'>Invertunt</span> <span class='ocrx_word' id='word_1_214' title='bbox 297 2064 491 2106; x_wconf 89' lang='lat' dir='ltr'>Allifanis</span> <span class='ocrx_word' id='word_1_215' title='bbox 510 2065 665 2107; x_wconf 86' lang='lat' dir='ltr'>vinaria</span> <span class='ocrx_word' id='word_1_216' title='bbox 685 2073 770 2108; x_wconf 90' lang='lat' dir='ltr'>tota</span> 
     </span>
     <span class='ocr_line' id='line_1_35' title="bbox 54 2121 1307 2178; baseline -0.002 -13"><span class='ocrx_word' id='word_1_217' title='bbox 54 2121 248 2165; x_wconf 88' lang='lat' dir='ltr'>Vibidius</span> <span class='ocrx_word' id='word_1_218' title='bbox 269 2122 532 2178; x_wconf 87' lang='lat' dir='ltr'>Balatroque,</span> <span class='ocrx_word' id='word_1_219' title='bbox 554 2122 704 2165; x_wconf 89' lang='lat' dir='ltr'>secutis</span> <span class='ocrx_word' id='word_1_220' title='bbox 725 2123 939 2173; x_wconf 85' lang='lat' dir='ltr'>omnibus3</span> <span class='ocrx_word' id='word_1_221' title='bbox 969 2123 1043 2164; x_wconf 87' lang='lat' dir='ltr'>imi</span> <span class='ocrx_word' id='word_1_222' title='bbox 1252 2125 1307 2164; x_wconf 89' lang='lat'>40</span> 
     </span>
     <span class='ocr_line' id='line_1_36' title="bbox 58 2179 956 2238; baseline 0 -16"><span class='ocrx_word' id='word_1_223' title='bbox 58 2179 257 2222; x_wconf 82' lang='lat' dir='ltr'>Convivae</span> <span class='ocrx_word' id='word_1_224' title='bbox 277 2180 373 2221; x_wconf 87' lang='lat' dir='ltr'>lecti</span> <span class='ocrx_word' id='word_1_225' title='bbox 394 2179 568 2221; x_wconf 87' lang='lat' dir='ltr'>nihilum</span> <span class='ocrx_word' id='word_1_226' title='bbox 588 2194 764 2222; x_wconf 87' lang='lat' dir='ltr'>nocuere</span> <span class='ocrx_word' id='word_1_227' title='bbox 783 2181 956 2238; x_wconf 86' lang='lat' dir='ltr'>lagenis.</span> 
     </span>
     <span class='ocr_line' id='line_1_37' title="bbox 49 2236 979 2294; baseline 0 -14"><span class='ocrx_word' id='word_1_228' title='bbox 49 2236 258 2280; x_wconf 77' lang='lat' dir='ltr'>‘Adfertur</span> <span class='ocrx_word' id='word_1_229' title='bbox 277 2237 444 2294; x_wconf 87' lang='lat' dir='ltr'>squillas</span> <span class='ocrx_word' id='word_1_230' title='bbox 464 2237 572 2280; x_wconf 88' lang='lat' dir='ltr'>iuter</span> <span class='ocrx_word' id='word_1_231' title='bbox 591 2252 773 2280; x_wconf 82' lang='lat' dir='ltr'>muraena</span> <span class='ocrx_word' id='word_1_232' title='bbox 791 2247 979 2280; x_wconf 90' lang='lat' dir='ltr'>natantes</span> 
     </span>
     <span class='ocr_line' id='line_1_38' title="bbox 48 2289 1308 2353; baseline -0.001 -15"><span class='ocrx_word' id='word_1_233' title='bbox 48 2289 111 2338; x_wconf 67' lang='lat'>&#39;2111</span> <span class='ocrx_word' id='word_1_234' title='bbox 150 2295 290 2352; x_wconf 71' lang='lat' dir='ltr'>patina</span> <span class='ocrx_word' id='word_1_235' title='bbox 330 2302 528 2352; x_wconf 87' lang='lat' dir='ltr'>porrecta.</span> <span class='ocrx_word' id='word_1_236' title='bbox 591 2294 678 2336; x_wconf 90' lang='lat' dir='ltr'>Sub</span> <span class='ocrx_word' id='word_1_237' title='bbox 713 2294 789 2338; x_wconf 90' lang='lat' dir='ltr'>hoc</span> <span class='ocrx_word' id='word_1_238' title='bbox 820 2296 955 2346; x_wconf 84' lang='lat' dir='ltr'>herus,</span> <span class='ocrx_word' id='word_1_239' title='bbox 993 2293 1096 2337; x_wconf 86' lang='lat' dir='ltr'>Haec</span> <span class='ocrx_word' id='word_1_240' title='bbox 1126 2294 1308 2353; x_wconf 87' lang='lat' dir='ltr'>gravida,</span> 
     </span>
     <span class='ocr_line' id='line_1_39' title="bbox 171 2352 320 2409; baseline 0 -15"><span class='ocrx_word' id='word_1_241' title='bbox 171 2352 320 2409; x_wconf 91' lang='lat' dir='ltr'>inquit,</span> 
     </span>
     <span class='ocr_line' id='line_1_40' title="bbox 640 2412 716 2450; baseline 0 0"><span class='ocrx_word' id='word_1_242' title='bbox 640 2423 667 2450; x_wconf 89' lang='lat' dir='ltr'><strong>D</strong></span> <span class='ocrx_word' id='word_1_243' title='bbox 688 2412 716 2450; x_wconf 79' lang='lat'>2</span> 
     </span>
    </p>
   </div>
  </div>
 </body>
</html>
