<?xml version="1.0" encoding="UTF-8"?>
<!DOCTYPE html PUBLIC "-//W3C//DTD XHTML 1.0 Transitional//EN"
    "http://www.w3.org/TR/xhtml1/DTD/xhtml1-transitional.dtd">
<html xmlns="http://www.w3.org/1999/xhtml" xml:lang="en" lang="en">
 <head>
  <title>
</title>
<meta http-equiv="Content-Type" content="text/html;charset=utf-8" />
  <meta name='ocr-system' content='tesseract 3.04.00' />
  <meta name='ocr-capabilities' content='ocr_page ocr_carea ocr_par ocr_line ocrx_word'/>
</head>
<body>
  <div class='ocr_page' id='page_1' title='image "./eclogaehoratiana02horauoft_0093.png"; bbox 0 0 1390 2586; ppageno 0'>
   <div class='ocr_carea' id='block_1_1' title="bbox 391 108 1303 156">
    <p class='ocr_par' dir='ltr' id='par_1_1' title="bbox 391 108 1303 156">
     <span class='ocr_line' id='line_1_1' title="bbox 391 108 1303 156; baseline -0.01 0"><span class='ocrx_word' id='word_1_1' title='bbox 391 123 711 156; x_wconf 78' lang='lat' dir='ltr'>EPISTOLARUM</span> <span class='ocrx_word' id='word_1_2' title='bbox 742 121 832 151; x_wconf 79' lang='lat' dir='ltr'>Lm.</span> <span class='ocrx_word' id='word_1_3' title='bbox 856 121 907 151; x_wconf 88' lang='lat'>11.</span> <span class='ocrx_word' id='word_1_4' title='bbox 933 109 968 150; x_wconf 93' lang='lat' dir='ltr'>l.</span> <span class='ocrx_word' id='word_1_5' title='bbox 1248 108 1303 148; x_wconf 80' lang='lat'>85</span> 
     </span>
    </p>
   </div>
   <div class='ocr_carea' id='block_1_2' title="bbox 56 219 1306 629">
    <p class='ocr_par' dir='ltr' id='par_1_2' title="bbox 56 219 1272 341">
     <span class='ocr_line' id='line_1_2' title="bbox 57 219 1272 288; baseline -0.012 -12"><span class='ocrx_word' id='word_1_6' title='bbox 57 231 226 288; x_wconf 81' lang='lat' dir='ltr'>Spectat</span> <span class='ocrx_word' id='word_1_7' title='bbox 248 229 383 272; x_wconf 86' lang='lat' dir='ltr'>Roma</span> <span class='ocrx_word' id='word_1_8' title='bbox 401 235 571 284; x_wconf 81' lang='lat' dir='ltr'>potens3</span> <span class='ocrx_word' id='word_1_9' title='bbox 602 225 726 268; x_wconf 83' lang='lat' dir='ltr'>habet</span> <span class='ocrx_word' id='word_1_10' title='bbox 746 219 818 266; x_wconf 87' lang='lat' dir='ltr'>hos</span> <span class='ocrx_word' id='word_1_11' title='bbox 839 230 1110 278; x_wconf 88' lang='lat' dir='ltr'>numeratque</span> <span class='ocrx_word' id='word_1_12' title='bbox 1131 229 1272 278; x_wconf 88' lang='lat' dir='ltr'>poetas</span> 
     </span>
     <span class='ocr_line' id='line_1_3' title="bbox 56 281 1044 341; baseline -0.011 -9"><span class='ocrx_word' id='word_1_13' title='bbox 56 289 124 332; x_wconf 85' lang='lat' dir='ltr'>Ad</span> <span class='ocrx_word' id='word_1_14' title='bbox 145 297 325 330; x_wconf 88' lang='lat' dir='ltr'>nostrum</span> <span class='ocrx_word' id='word_1_15' title='bbox 348 295 509 341; x_wconf 90' lang='lat' dir='ltr'>tempus</span> <span class='ocrx_word' id='word_1_16' title='bbox 534 284 626 326; x_wconf 90' lang='lat' dir='ltr'>Livi</span> <span class='ocrx_word' id='word_1_17' title='bbox 647 282 853 339; x_wconf 88' lang='lat' dir='ltr'>scriptoris</span> <span class='ocrx_word' id='word_1_18' title='bbox 873 281 924 323; x_wconf 88' lang='lat' dir='ltr'>ab</span> <span class='ocrx_word' id='word_1_19' title='bbox 945 296 1044 323; x_wconf 82' lang='lat' dir='ltr'>aevo.</span> 
     </span>
    </p>

    <p class='ocr_par' dir='ltr' id='par_1_3' title="bbox 59 339 1135 400">
     <span class='ocr_line' id='line_1_4' title="bbox 59 339 1135 400; baseline -0.009 -11"><span class='ocrx_word' id='word_1_20' title='bbox 59 346 270 389; x_wconf 86' lang='lat' dir='ltr'><strong>Interdum</strong></span> <span class='ocrx_word' id='word_1_21' title='bbox 293 343 440 400; x_wconf 89' lang='lat' dir='ltr'>vulgus</span> <span class='ocrx_word' id='word_1_22' title='bbox 462 352 616 384; x_wconf 87' lang='lat' dir='ltr'>rectum</span> <span class='ocrx_word' id='word_1_23' title='bbox 639 341 774 389; x_wconf 91' lang='lat' dir='ltr'>videt;</span> <span class='ocrx_word' id='word_1_24' title='bbox 808 347 869 381; x_wconf 89' lang='lat' dir='ltr'>est</span> <span class='ocrx_word' id='word_1_25' title='bbox 892 339 958 379; x_wconf 91' lang='lat' dir='ltr'>ubi</span> <span class='ocrx_word' id='word_1_26' title='bbox 982 345 1135 394; x_wconf 83' lang='lat' dir='ltr'>peccat.</span> 
     </span>
    </p>

    <p class='ocr_par' dir='ltr' id='par_1_4' title="bbox 60 399 965 454">
     <span class='ocr_line' id='line_1_5' title="bbox 60 399 965 454; baseline -0.01 -8"><span class='ocrx_word' id='word_1_27' title='bbox 60 404 105 446; x_wconf 89' lang='lat' dir='ltr'>Si</span> <span class='ocrx_word' id='word_1_28' title='bbox 128 414 286 445; x_wconf 87' lang='lat' dir='ltr'>veteres</span> <span class='ocrx_word' id='word_1_29' title='bbox 306 402 362 443; x_wconf 80' lang='lat' dir='ltr'>ita</span> <span class='ocrx_word' id='word_1_30' title='bbox 384 401 551 442; x_wconf 86' lang='lat' dir='ltr'>miratur</span> <span class='ocrx_word' id='word_1_31' title='bbox 572 399 790 454; x_wconf 84' lang='lat' dir='ltr'>laudatque</span> <span class='ocrx_word' id='word_1_32' title='bbox 813 405 965 453; x_wconf 83' lang='lat' dir='ltr'>poetas,</span> 
     </span>
    </p>

    <p class='ocr_par' dir='ltr' id='par_1_5' title="bbox 58 454 1306 575">
     <span class='ocr_line' id='line_1_6' title="bbox 58 454 1306 511; baseline -0.01 -7"><span class='ocrx_word' id='word_1_33' title='bbox 58 461 123 504; x_wconf 87' lang='lat' dir='ltr'>Ut</span> <span class='ocrx_word' id='word_1_34' title='bbox 143 460 242 503; x_wconf 89' lang='lat' dir='ltr'>nihil</span> <span class='ocrx_word' id='word_1_35' title='bbox 263 459 477 508; x_wconf 81' lang='lat' dir='ltr'>anteferat,</span> <span class='ocrx_word' id='word_1_36' title='bbox 501 458 602 498; x_wconf 92' lang='lat' dir='ltr'>nihil</span> <span class='ocrx_word' id='word_1_37' title='bbox 625 457 704 498; x_wconf 87' lang='lat' dir='ltr'>illis</span> <span class='ocrx_word' id='word_1_38' title='bbox 726 463 945 511; x_wconf 84' lang='lat' dir='ltr'>comparet,</span> <span class='ocrx_word' id='word_1_39' title='bbox 969 461 1098 495; x_wconf 85' lang='lat' dir='ltr'>errat:</span> <span class='ocrx_word' id='word_1_40' title='bbox 1202 468 1205 471; x_wconf 57' lang='lat'><strong>⁴</strong></span> <span class='ocrx_word' id='word_1_41' title='bbox 1252 454 1306 492; x_wconf 91' lang='lat'>65</span> 
     </span>
     <span class='ocr_line' id='line_1_7' title="bbox 61 511 1051 575; baseline -0.01 -14"><span class='ocrx_word' id='word_1_42' title='bbox 61 518 106 562; x_wconf 90' lang='lat' dir='ltr'>Si</span> <span class='ocrx_word' id='word_1_43' title='bbox 126 518 311 575; x_wconf 86' lang='lat' dir='ltr'>quaedam</span> <span class='ocrx_word' id='word_1_44' title='bbox 334 517 455 557; x_wconf 80' lang='lat' dir='ltr'>nimis</span> <span class='ocrx_word' id='word_1_45' title='bbox 475 515 657 570; x_wconf 87' lang='lat' dir='ltr'>antique,</span> <span class='ocrx_word' id='word_1_46' title='bbox 679 514 711 555; x_wconf 90' lang='lat' dir='ltr'>si</span> <span class='ocrx_word' id='word_1_47' title='bbox 734 513 930 569; x_wconf 79' lang='lat' dir='ltr'>pleraque</span> <span class='ocrx_word' id='word_1_48' title='bbox 950 511 1051 552; x_wconf 89' lang='lat' dir='ltr'>dure</span> 
     </span>
    </p>

    <p class='ocr_par' dir='ltr' id='par_1_6' title="bbox 59 571 948 629">
     <span class='ocr_line' id='line_1_8' title="bbox 59 571 948 629; baseline -0.009 -11"><span class='ocrx_word' id='word_1_49' title='bbox 59 575 213 618; x_wconf 83' lang='lat' dir='ltr'>Dicere</span> <span class='ocrx_word' id='word_1_50' title='bbox 234 574 343 617; x_wconf 82' lang='lat' dir='ltr'>cedit</span> <span class='ocrx_word' id='word_1_51' title='bbox 363 589 445 624; x_wconf 84' lang='lat' dir='ltr'>eos,</span> <span class='ocrx_word' id='word_1_52' title='bbox 468 573 616 629; x_wconf 85' lang='lat' dir='ltr'>ignave</span> <span class='ocrx_word' id='word_1_53' title='bbox 639 571 765 612; x_wconf 84' lang='lat' dir='ltr'>multa</span> <span class='ocrx_word' id='word_1_54' title='bbox 786 571 948 619; x_wconf 85' lang='lat' dir='ltr'>fatetur,</span> 
     </span>
    </p>
   </div>
   <div class='ocr_carea' id='block_1_3' title="bbox 29 627 1142 694">
    <p class='ocr_par' dir='ltr' id='par_1_7' title="bbox 29 627 1142 694">
     <span class='ocr_line' id='line_1_9' title="bbox 29 627 1142 694; baseline -0.009 -18"><span class='ocrx_word' id='word_1_55' title='bbox 29 683 35 694; x_wconf 47' lang='grc' dir='ltr'>Ι</span> <span class='ocrx_word' id='word_1_56' title='bbox 60 633 118 675; x_wconf 92' lang='lat' dir='ltr'>Et</span> <span class='ocrx_word' id='word_1_57' title='bbox 137 633 255 688; x_wconf 87' lang='lat' dir='ltr'>sapit,</span> <span class='ocrx_word' id='word_1_58' title='bbox 276 642 318 674; x_wconf 89' lang='lat' dir='ltr'>et</span> <span class='ocrx_word' id='word_1_59' title='bbox 339 647 497 672; x_wconf 91' lang='lat' dir='ltr'>mecum</span> <span class='ocrx_word' id='word_1_60' title='bbox 520 630 627 679; x_wconf 85' lang='lat' dir='ltr'>facit,</span> <span class='ocrx_word' id='word_1_61' title='bbox 651 637 692 670; x_wconf 88' lang='lat' dir='ltr'>et</span> <span class='ocrx_word' id='word_1_62' title='bbox 713 628 817 669; x_wconf 89' lang='lat' dir='ltr'>Jove</span> <span class='ocrx_word' id='word_1_63' title='bbox 832 627 991 684; x_wconf 89' lang='lat' dir='ltr'>judicat</span> <span class='ocrx_word' id='word_1_64' title='bbox 1011 641 1142 681; x_wconf 84' lang='lat' dir='ltr'>aequo.</span> 
     </span>
    </p>
   </div>
   <div class='ocr_carea' id='block_1_4' title="bbox 62 682 1309 853">
    <p class='ocr_par' dir='ltr' id='par_1_8' title="bbox 62 682 1309 853">
     <span class='ocr_line' id='line_1_10' title="bbox 63 682 1149 747; baseline -0.008 -14"><span class='ocrx_word' id='word_1_65' title='bbox 63 690 159 733; x_wconf 88' lang='lat' dir='ltr'>Non</span> <span class='ocrx_word' id='word_1_66' title='bbox 180 690 371 747; x_wconf 80' lang='lat' dir='ltr'>equidem</span> <span class='ocrx_word' id='word_1_67' title='bbox 393 689 582 738; x_wconf 85' lang='lat' dir='ltr'>insector,</span> <span class='ocrx_word' id='word_1_68' title='bbox 606 686 830 727; x_wconf 80' lang='lat' dir='ltr'>delendave</span> <span class='ocrx_word' id='word_1_69' title='bbox 852 684 1030 726; x_wconf 88' lang='lat' dir='ltr'>carmina</span> <span class='ocrx_word' id='word_1_70' title='bbox 1054 682 1149 724; x_wconf 92' lang='lat' dir='ltr'>Livi</span> 
     </span>
     <span class='ocr_line' id='line_1_11' title="bbox 62 742 1309 801; baseline -0.008 -10"><span class='ocrx_word' id='word_1_71' title='bbox 62 748 166 791; x_wconf 83' lang='lat' dir='ltr'>Esse</span> <span class='ocrx_word' id='word_1_72' title='bbox 187 763 290 798; x_wconf 84' lang='lat' dir='ltr'>reor,</span> <span class='ocrx_word' id='word_1_73' title='bbox 314 746 482 788; x_wconf 87' lang='lat' dir='ltr'>memini</span> <span class='ocrx_word' id='word_1_74' title='bbox 504 761 597 801; x_wconf 85' lang='lat' dir='ltr'>quae</span> <span class='ocrx_word' id='word_1_75' title='bbox 617 745 829 800; x_wconf 84' lang='lat' dir='ltr'>plagosum</span> <span class='ocrx_word' id='word_1_76' title='bbox 852 742 951 783; x_wconf 91' lang='lat' dir='ltr'>mihi</span> <span class='ocrx_word' id='word_1_77' title='bbox 974 756 1097 798; x_wconf 89' lang='lat' dir='ltr'>parvo</span> <span class='ocrx_word' id='word_1_78' title='bbox 1256 742 1309 781; x_wconf 85' lang='lat'>70</span> 
     </span>
     <span class='ocr_line' id='line_1_12' title="bbox 63 799 955 853; baseline -0.008 -6"><span class='ocrx_word' id='word_1_79' title='bbox 63 805 270 848; x_wconf 83' lang='lat' dir='ltr'>Orbilium</span> <span class='ocrx_word' id='word_1_80' title='bbox 291 804 470 853; x_wconf 80' lang='lat' dir='ltr'>dictare3</span> <span class='ocrx_word' id='word_1_81' title='bbox 500 803 570 844; x_wconf 89' lang='lat' dir='ltr'>sed</span> <span class='ocrx_word' id='word_1_82' title='bbox 592 801 809 843; x_wconf 80' lang='lat' dir='ltr'>emendata</span> <span class='ocrx_word' id='word_1_83' title='bbox 830 799 955 841; x_wconf 90' lang='lat' dir='ltr'>videri</span> 
     </span>
    </p>
   </div>
   <div class='ocr_carea' id='block_1_5' title="bbox 16 856 1183 922">
    <p class='ocr_par' dir='ltr' id='par_1_9' title="bbox 16 856 1183 922">
     <span class='ocr_line' id='line_1_13' title="bbox 16 856 1183 922; baseline -0.008 -16"><span class='ocrx_word' id='word_1_84' title='bbox 16 903 27 922; x_wconf 36' lang='grc' dir='ltr'><strong><em>ἓ</em></strong></span> <span class='ocrx_word' id='word_1_85' title='bbox 65 863 325 918; x_wconf 85' lang='lat' dir='ltr'>Pulchraque</span> <span class='ocrx_word' id='word_1_86' title='bbox 347 872 389 903; x_wconf 90' lang='lat' dir='ltr'>et</span> <span class='ocrx_word' id='word_1_87' title='bbox 409 860 561 902; x_wconf 81' lang='lat' dir='ltr'>exactis</span> <span class='ocrx_word' id='word_1_88' title='bbox 583 859 796 900; x_wconf 84' lang='lat' dir='ltr'>minimum</span> <span class='ocrx_word' id='word_1_89' title='bbox 820 857 1023 907; x_wconf 80' lang='lat' dir='ltr'>distantia,</span> <span class='ocrx_word' id='word_1_90' title='bbox 1047 856 1183 898; x_wconf 86' lang='lat' dir='ltr'>miror.</span> 
     </span>
    </p>
   </div>
   <div class='ocr_carea' id='block_1_6' title="bbox 15 915 1077 1034">
    <p class='ocr_par' dir='ltr' id='par_1_10' title="bbox 15 915 1077 1034">
     <span class='ocr_line' id='line_1_14' title="bbox 15 915 1077 976; baseline -0.008 -12"><span class='ocrx_word' id='word_1_91' title='bbox 15 927 29 975; x_wconf 62' lang='lat' dir='ltr'>J,</span> <span class='ocrx_word' id='word_1_92' title='bbox 65 921 180 964; x_wconf 85' lang='lat' dir='ltr'>Inter</span> <span class='ocrx_word' id='word_1_93' title='bbox 201 935 294 976; x_wconf 85' lang='lat' dir='ltr'>quae</span> <span class='ocrx_word' id='word_1_94' title='bbox 315 919 482 960; x_wconf 90' lang='lat' dir='ltr'>verbum</span> <span class='ocrx_word' id='word_1_95' title='bbox 505 917 673 959; x_wconf 81' lang='lat' dir='ltr'>emicuit</span> <span class='ocrx_word' id='word_1_96' title='bbox 692 916 726 958; x_wconf 90' lang='lat' dir='ltr'>si</span> <span class='ocrx_word' id='word_1_97' title='bbox 748 917 850 957; x_wconf 91' lang='lat' dir='ltr'>forte</span> <span class='ocrx_word' id='word_1_98' title='bbox 872 915 1077 965; x_wconf 89' lang='lat' dir='ltr'>decorum,</span> 
     </span>
     <span class='ocr_line' id='line_1_15' title="bbox 16 973 998 1034; baseline -0.008 -13"><span class='ocrx_word' id='word_1_99' title='bbox 16 981 30 1026; x_wconf 62' lang='lat' dir='ltr'><em>J</em></span> <span class='ocrx_word' id='word_1_100' title='bbox 66 979 111 1021; x_wconf 86' lang='lat' dir='ltr'>Si</span> <span class='ocrx_word' id='word_1_101' title='bbox 132 993 273 1020; x_wconf 85' lang='lat' dir='ltr'>versus</span> <span class='ocrx_word' id='word_1_102' title='bbox 294 977 415 1034; x_wconf 88' lang='lat' dir='ltr'>paulo</span> <span class='ocrx_word' id='word_1_103' title='bbox 437 975 674 1017; x_wconf 83' lang='lat' dir='ltr'>concinnior</span> <span class='ocrx_word' id='word_1_104' title='bbox 697 989 800 1015; x_wconf 90' lang='lat' dir='ltr'>unus</span> <span class='ocrx_word' id='word_1_105' title='bbox 822 982 864 1014; x_wconf 90' lang='lat' dir='ltr'>et</span> <span class='ocrx_word' id='word_1_106' title='bbox 883 973 998 1022; x_wconf 89' lang='lat' dir='ltr'>alter,</span> 
     </span>
    </p>
   </div>
   <div class='ocr_carea' id='block_1_7' title="bbox 18 1031 1313 1092">
    <p class='ocr_par' dir='ltr' id='par_1_11' title="bbox 18 1031 1313 1092">
     <span class='ocr_line' id='line_1_16' title="bbox 18 1031 1313 1092; baseline -0.008 -13"><span class='ocrx_word' id='word_1_107' title='bbox 18 1050 23 1056; x_wconf 73' lang='grc'><strong>’</strong></span> <span class='ocrx_word' id='word_1_108' title='bbox 64 1036 225 1092; x_wconf 86' lang='lat' dir='ltr'>Injuste</span> <span class='ocrx_word' id='word_1_109' title='bbox 247 1045 375 1078; x_wconf 88' lang='lat' dir='ltr'>totum</span> <span class='ocrx_word' id='word_1_110' title='bbox 397 1034 511 1075; x_wconf 88' lang='lat' dir='ltr'>ducit</span> <span class='ocrx_word' id='word_1_111' title='bbox 531 1032 755 1087; x_wconf 88' lang='lat' dir='ltr'>venditque</span> <span class='ocrx_word' id='word_1_112' title='bbox 778 1045 936 1086; x_wconf 84' lang='lat' dir='ltr'>poema.</span> <span class='ocrx_word' id='word_1_113' title='bbox 1259 1031 1313 1070; x_wconf 83' lang='lat'>75</span> 
     </span>
    </p>
   </div>
   <div class='ocr_carea' id='block_1_8' title="bbox 66 1087 1262 1317">
    <p class='ocr_par' dir='ltr' id='par_1_12' title="bbox 66 1087 1262 1317">
     <span class='ocr_line' id='line_1_17' title="bbox 66 1087 1169 1151; baseline -0.006 -16"><span class='ocrx_word' id='word_1_114' title='bbox 66 1093 266 1151; x_wconf 82' lang='lat' dir='ltr'>Indignor</span> <span class='ocrx_word' id='word_1_115' title='bbox 287 1091 509 1148; x_wconf 90' lang='lat' dir='ltr'>quidquam</span> <span class='ocrx_word' id='word_1_116' title='bbox 533 1089 792 1146; x_wconf 89' lang='lat' dir='ltr'>reprehendi,</span> <span class='ocrx_word' id='word_1_117' title='bbox 816 1103 897 1129; x_wconf 92' lang='lat' dir='ltr'>non</span> <span class='ocrx_word' id='word_1_118' title='bbox 920 1087 1017 1144; x_wconf 87' lang='lat' dir='ltr'>quia</span> <span class='ocrx_word' id='word_1_119' title='bbox 1038 1102 1169 1130; x_wconf 88' lang='lat' dir='ltr'>crasse</span> 
     </span>
     <span class='ocr_line' id='line_1_18' title="bbox 68 1146 1186 1208; baseline -0.006 -15"><span class='ocrx_word' id='word_1_120' title='bbox 68 1151 351 1208; x_wconf 90' lang='lat' dir='ltr'>Compositum</span> <span class='ocrx_word' id='word_1_121' title='bbox 376 1148 593 1204; x_wconf 85' lang='lat' dir='ltr'>illepideve</span> <span class='ocrx_word' id='word_1_122' title='bbox 616 1156 795 1204; x_wconf 88' lang='lat' dir='ltr'>putetur,</span> <span class='ocrx_word' id='word_1_123' title='bbox 818 1146 889 1187; x_wconf 85' lang='lat' dir='ltr'>sed</span> <span class='ocrx_word' id='word_1_124' title='bbox 912 1146 1010 1202; x_wconf 87' lang='lat' dir='ltr'>quia</span> <span class='ocrx_word' id='word_1_125' title='bbox 1030 1160 1186 1200; x_wconf 86' lang='lat' dir='ltr'>nuper3</span> 
     </span>
     <span class='ocr_line' id='line_1_19' title="bbox 66 1202 1262 1262; baseline -0.008 -10"><span class='ocrx_word' id='word_1_126' title='bbox 66 1208 159 1252; x_wconf 87' lang='lat' dir='ltr'>Nec</span> <span class='ocrx_word' id='word_1_127' title='bbox 180 1208 339 1250; x_wconf 84' lang='lat' dir='ltr'>veniam</span> <span class='ocrx_word' id='word_1_128' title='bbox 361 1206 553 1262; x_wconf 77' lang='lat' dir='ltr'>antiquiS,</span> <span class='ocrx_word' id='word_1_129' title='bbox 577 1205 646 1246; x_wconf 85' lang='lat' dir='ltr'>sed</span> <span class='ocrx_word' id='word_1_130' title='bbox 670 1204 864 1245; x_wconf 83' lang='lat' dir='ltr'>honorem</span> <span class='ocrx_word' id='word_1_131' title='bbox 887 1213 929 1245; x_wconf 89' lang='lat' dir='ltr'>et</span> <span class='ocrx_word' id='word_1_132' title='bbox 950 1203 1116 1260; x_wconf 84' lang='lat' dir='ltr'>praemia</span> <span class='ocrx_word' id='word_1_133' title='bbox 1138 1202 1262 1258; x_wconf 87' lang='lat' dir='ltr'>posci.</span> 
     </span>
     <span class='ocr_line' id='line_1_20' title="bbox 69 1261 1205 1317; baseline -0.006 -9"><span class='ocrx_word' id='word_1_134' title='bbox 69 1267 215 1316; x_wconf 84' lang='lat' dir='ltr'>Recte,</span> <span class='ocrx_word' id='word_1_135' title='bbox 240 1280 383 1314; x_wconf 88' lang='lat' dir='ltr'>necne,</span> <span class='ocrx_word' id='word_1_136' title='bbox 406 1279 567 1305; x_wconf 90' lang='lat' dir='ltr'>crocum</span> <span class='ocrx_word' id='word_1_137' title='bbox 590 1263 792 1317; x_wconf 89' lang='lat' dir='ltr'>floresque</span> <span class='ocrx_word' id='word_1_138' title='bbox 814 1261 1071 1317; x_wconf 85' lang='lat' dir='ltr'>perambulet</span> <span class='ocrx_word' id='word_1_139' title='bbox 1095 1262 1205 1302; x_wconf 85' lang='lat' dir='ltr'>Attae</span> 
     </span>
    </p>
   </div>
   <div class='ocr_carea' id='block_1_9' title="bbox 34 1319 1317 1374">
    <p class='ocr_par' dir='ltr' id='par_1_13' title="bbox 34 1319 1317 1374">
     <span class='ocr_line' id='line_1_21' title="bbox 34 1319 1317 1374; baseline -0.006 -8"><span class='ocrx_word' id='word_1_140' title='bbox 34 1325 39 1331; x_wconf 81' lang='grc'><strong>’</strong></span> <span class='ocrx_word' id='word_1_141' title='bbox 69 1324 240 1373; x_wconf 86' lang='lat' dir='ltr'>Fabula,</span> <span class='ocrx_word' id='word_1_142' title='bbox 263 1324 295 1365; x_wconf 88' lang='lat' dir='ltr'>si</span> <span class='ocrx_word' id='word_1_143' title='bbox 317 1322 515 1370; x_wconf 89' lang='lat' dir='ltr'>dubitem,</span> <span class='ocrx_word' id='word_1_144' title='bbox 539 1320 717 1362; x_wconf 87' lang='lat' dir='ltr'>clament</span> <span class='ocrx_word' id='word_1_145' title='bbox 738 1319 905 1374; x_wconf 86' lang='lat' dir='ltr'>periisse</span> <span class='ocrx_word' id='word_1_146' title='bbox 928 1319 1124 1374; x_wconf 90' lang='lat' dir='ltr'>pudorem</span> <span class='ocrx_word' id='word_1_147' title='bbox 1263 1320 1317 1359; x_wconf 75' lang='lat'>80</span> 
     </span>
    </p>
   </div>
   <div class='ocr_carea' id='block_1_10' title="bbox 71 1376 1228 1501">
    <p class='ocr_par' dir='ltr' id='par_1_14' title="bbox 71 1376 1228 1501">
     <span class='ocr_line' id='line_1_22' title="bbox 71 1376 1228 1437; baseline -0.007 -13"><span class='ocrx_word' id='word_1_148' title='bbox 71 1381 222 1424; x_wconf 88' lang='lat' dir='ltr'>Cuncti</span> <span class='ocrx_word' id='word_1_149' title='bbox 244 1395 361 1437; x_wconf 86' lang='lat' dir='ltr'>paeue</span> <span class='ocrx_word' id='word_1_150' title='bbox 383 1389 530 1434; x_wconf 88' lang='lat' dir='ltr'>patres,</span> <span class='ocrx_word' id='word_1_151' title='bbox 554 1394 602 1419; x_wconf 88' lang='lat' dir='ltr'>ea</span> <span class='ocrx_word' id='word_1_152' title='bbox 622 1393 748 1433; x_wconf 92' lang='lat' dir='ltr'>quum</span> <span class='ocrx_word' id='word_1_153' title='bbox 770 1376 1070 1432; x_wconf 86' lang='lat' dir='ltr'>reprehendere</span> <span class='ocrx_word' id='word_1_154' title='bbox 1091 1391 1228 1426; x_wconf 90' lang='lat' dir='ltr'>coner,</span> 
     </span>
     <span class='ocr_line' id='line_1_23' title="bbox 72 1433 1161 1501; baseline -0.005 -21"><span class='ocrx_word' id='word_1_155' title='bbox 72 1439 180 1489; x_wconf 80' lang='lat' dir='ltr'>Quae</span> <span class='ocrx_word' id='word_1_156' title='bbox 199 1438 335 1496; x_wconf 85' lang='lat' dir='ltr'>gravis</span> <span class='ocrx_word' id='word_1_157' title='bbox 357 1437 552 1492; x_wconf 86' lang='lat' dir='ltr'>AEsopus,</span> <span class='ocrx_word' id='word_1_158' title='bbox 577 1451 669 1501; x_wconf 77' lang='lat' dir='ltr'>quae</span> <span class='ocrx_word' id='word_1_159' title='bbox 689 1435 831 1475; x_wconf 88' lang='lat' dir='ltr'>doctus</span> <span class='ocrx_word' id='word_1_160' title='bbox 856 1434 1028 1475; x_wconf 86' lang='lat' dir='ltr'>Roscius</span> <span class='ocrx_word' id='word_1_161' title='bbox 1050 1433 1161 1490; x_wconf 86' lang='lat' dir='ltr'>egit:</span> 
     </span>
    </p>
   </div>
   <div class='ocr_carea' id='block_1_11' title="bbox 23 1491 1271 1610">
    <p class='ocr_par' dir='ltr' id='par_1_15' title="bbox 23 1491 1271 1610">
     <span class='ocr_line' id='line_1_24' title="bbox 23 1491 1271 1553; baseline -0.003 -17"><span class='ocrx_word' id='word_1_162' title='bbox 23 1522 27 1523; x_wconf 33' lang='grc' dir='ltr'><em>ν</em></span> <span class='ocrx_word' id='word_1_163' title='bbox 71 1496 165 1547; x_wconf 87' lang='lat' dir='ltr'>Vel,</span> <span class='ocrx_word' id='word_1_164' title='bbox 188 1496 284 1553; x_wconf 88' lang='lat' dir='ltr'>quia</span> <span class='ocrx_word' id='word_1_165' title='bbox 305 1495 361 1536; x_wconf 94' lang='lat' dir='ltr'>nil</span> <span class='ocrx_word' id='word_1_166' title='bbox 384 1505 553 1542; x_wconf 81' lang='lat' dir='ltr'>rectum,</span> <span class='ocrx_word' id='word_1_167' title='bbox 578 1494 654 1534; x_wconf 82' lang='lat' dir='ltr'>nisi</span> <span class='ocrx_word' id='word_1_168' title='bbox 677 1492 786 1548; x_wconf 93' lang='lat' dir='ltr'>quod</span> <span class='ocrx_word' id='word_1_169' title='bbox 808 1491 962 1547; x_wconf 86' lang='lat' dir='ltr'>placuit</span> <span class='ocrx_word' id='word_1_170' title='bbox 981 1491 1072 1540; x_wconf 87' lang='lat' dir='ltr'>sibi,</span> <span class='ocrx_word' id='word_1_171' title='bbox 1095 1491 1271 1541; x_wconf 86' lang='lat' dir='ltr'>ducunt3</span> 
     </span>
     <span class='ocr_line' id='line_1_25' title="bbox 29 1549 1194 1610; baseline -0.005 -14"><span class='ocrx_word' id='word_1_172' title='bbox 29 1555 31 1557; x_wconf 73' lang='grc'><strong>’</strong></span> <span class='ocrx_word' id='word_1_173' title='bbox 71 1554 166 1604; x_wconf 89' lang='lat' dir='ltr'>Vel,</span> <span class='ocrx_word' id='word_1_174' title='bbox 189 1555 286 1610; x_wconf 87' lang='lat' dir='ltr'>quia</span> <span class='ocrx_word' id='word_1_175' title='bbox 307 1562 425 1607; x_wconf 85' lang='lat' dir='ltr'>turpe</span> <span class='ocrx_word' id='word_1_176' title='bbox 446 1560 593 1608; x_wconf 84' lang='lat' dir='ltr'>putant</span> <span class='ocrx_word' id='word_1_177' title='bbox 614 1565 755 1606; x_wconf 85' lang='lat' dir='ltr'>parere</span> <span class='ocrx_word' id='word_1_178' title='bbox 778 1549 1014 1599; x_wconf 88' lang='lat' dir='ltr'>minoribus,</span> <span class='ocrx_word' id='word_1_179' title='bbox 1038 1558 1080 1591; x_wconf 92' lang='lat' dir='ltr'>et</span> <span class='ocrx_word' id='word_1_180' title='bbox 1101 1564 1194 1605; x_wconf 85' lang='lat' dir='ltr'>quae</span> 
     </span>
    </p>
   </div>
   <div class='ocr_carea' id='block_1_12' title="bbox 73 1606 1322 1721">
    <p class='ocr_par' dir='ltr' id='par_1_16' title="bbox 73 1606 1322 1721">
     <span class='ocr_line' id='line_1_26' title="bbox 74 1606 1322 1664; baseline -0.005 -10"><span class='ocrx_word' id='word_1_181' title='bbox 74 1611 285 1654; x_wconf 91' lang='lat' dir='ltr'>Imberbes</span> <span class='ocrx_word' id='word_1_182' title='bbox 305 1611 500 1659; x_wconf 88' lang='lat' dir='ltr'>didicere,</span> <span class='ocrx_word' id='word_1_183' title='bbox 522 1623 642 1650; x_wconf 87' lang='lat' dir='ltr'>senes</span> <span class='ocrx_word' id='word_1_184' title='bbox 664 1607 871 1664; x_wconf 86' lang='lat' dir='ltr'>perdenda</span> <span class='ocrx_word' id='word_1_185' title='bbox 892 1606 1022 1648; x_wconf 83' lang='lat' dir='ltr'>fateri.</span> <span class='ocrx_word' id='word_1_186' title='bbox 1267 1609 1322 1649; x_wconf 81' lang='lat'>85</span> 
     </span>
     <span class='ocr_line' id='line_1_27' title="bbox 73 1664 1163 1721; baseline -0.006 -9"><span class='ocrx_word' id='word_1_187' title='bbox 73 1669 165 1712; x_wconf 88' lang='lat' dir='ltr'>Jam</span> <span class='ocrx_word' id='word_1_188' title='bbox 189 1669 343 1711; x_wconf 86' lang='lat' dir='ltr'>Saliare</span> <span class='ocrx_word' id='word_1_189' title='bbox 369 1667 516 1709; x_wconf 85' lang='lat' dir='ltr'>Numae</span> <span class='ocrx_word' id='word_1_190' title='bbox 538 1681 699 1708; x_wconf 84' lang='lat' dir='ltr'>carmen</span> <span class='ocrx_word' id='word_1_191' title='bbox 722 1665 792 1721; x_wconf 89' lang='lat' dir='ltr'>qui</span> <span class='ocrx_word' id='word_1_192' title='bbox 815 1664 964 1714; x_wconf 84' lang='lat' dir='ltr'>laudat,</span> <span class='ocrx_word' id='word_1_193' title='bbox 988 1673 1030 1706; x_wconf 89' lang='lat' dir='ltr'>et</span> <span class='ocrx_word' id='word_1_194' title='bbox 1050 1664 1163 1715; x_wconf 89' lang='lat' dir='ltr'>illud,</span> 
     </span>
    </p>
   </div>
   <div class='ocr_carea' id='block_1_13' title="bbox 32 1722 1117 1782">
    <p class='ocr_par' dir='ltr' id='par_1_17' title="bbox 32 1722 1117 1782">
     <span class='ocr_line' id='line_1_28' title="bbox 32 1722 1117 1782; baseline -0.006 -13"><span class='ocrx_word' id='word_1_195' title='bbox 32 1734 33 1737; x_wconf 76' lang='grc'>’</span> <span class='ocrx_word' id='word_1_196' title='bbox 77 1726 198 1777; x_wconf 86' lang='lat' dir='ltr'>Quod</span> <span class='ocrx_word' id='word_1_197' title='bbox 222 1741 382 1768; x_wconf 86' lang='lat' dir='ltr'>mecum</span> <span class='ocrx_word' id='word_1_198' title='bbox 403 1725 578 1782; x_wconf 81' lang='lat' dir='ltr'>ignorat,</span> <span class='ocrx_word' id='word_1_199' title='bbox 601 1723 710 1765; x_wconf 86' lang='lat' dir='ltr'>solus</span> <span class='ocrx_word' id='word_1_200' title='bbox 732 1722 818 1763; x_wconf 91' lang='lat' dir='ltr'>vult</span> <span class='ocrx_word' id='word_1_201' title='bbox 837 1722 940 1763; x_wconf 85' lang='lat' dir='ltr'>scire</span> <span class='ocrx_word' id='word_1_202' title='bbox 963 1722 1117 1772; x_wconf 90' lang='lat' dir='ltr'>videri;</span> 
     </span>
    </p>
   </div>
   <div class='ocr_carea' id='block_1_14' title="bbox 77 1780 1051 1843">
    <p class='ocr_par' dir='ltr' id='par_1_18' title="bbox 77 1780 1051 1843">
     <span class='ocr_line' id='line_1_29' title="bbox 77 1780 1051 1843; baseline -0.006 -17"><span class='ocrx_word' id='word_1_203' title='bbox 77 1784 263 1843; x_wconf 88' lang='lat' dir='ltr'>Ingeniis</span> <span class='ocrx_word' id='word_1_204' title='bbox 284 1799 364 1825; x_wconf 93' lang='lat' dir='ltr'>non</span> <span class='ocrx_word' id='word_1_205' title='bbox 388 1783 457 1824; x_wconf 92' lang='lat' dir='ltr'>ille</span> <span class='ocrx_word' id='word_1_206' title='bbox 478 1782 588 1824; x_wconf 85' lang='lat' dir='ltr'>favet</span> <span class='ocrx_word' id='word_1_207' title='bbox 609 1780 847 1837; x_wconf 87' lang='lat' dir='ltr'>plauditque</span> <span class='ocrx_word' id='word_1_208' title='bbox 868 1780 1051 1835; x_wconf 88' lang='lat' dir='ltr'>sepultis,</span> 
     </span>
    </p>
   </div>
   <div class='ocr_carea' id='block_1_15' title="bbox 23 1837 1194 1895">
    <p class='ocr_par' dir='ltr' id='par_1_19' title="bbox 23 1837 1194 1895">
     <span class='ocr_line' id='line_1_30' title="bbox 23 1837 1194 1895; baseline -0.006 -10"><span class='ocrx_word' id='word_1_209' title='bbox 23 1846 36 1863; x_wconf 75' lang='grc'><strong>”</strong></span> <span class='ocrx_word' id='word_1_210' title='bbox 77 1840 229 1884; x_wconf 87' lang='lat' dir='ltr'>Nostra</span> <span class='ocrx_word' id='word_1_211' title='bbox 248 1842 318 1883; x_wconf 89' lang='lat' dir='ltr'>sed</span> <span class='ocrx_word' id='word_1_212' title='bbox 341 1841 570 1895; x_wconf 70' lang='lat' dir='ltr'>impugnat,</span> <span class='ocrx_word' id='word_1_213' title='bbox 594 1854 667 1880; x_wconf 87' lang='lat' dir='ltr'>nos</span> <span class='ocrx_word' id='word_1_214' title='bbox 689 1847 907 1894; x_wconf 88' lang='lat' dir='ltr'>nostraque</span> <span class='ocrx_word' id='word_1_215' title='bbox 930 1837 1076 1880; x_wconf 89' lang='lat' dir='ltr'>lividus</span> <span class='ocrx_word' id='word_1_216' title='bbox 1097 1837 1194 1879; x_wconf 88' lang='lat' dir='ltr'>odit.</span> 
     </span>
    </p>
   </div>
   <div class='ocr_carea' id='block_1_16' title="bbox 79 1894 1325 2011">
    <p class='ocr_par' dir='ltr' id='par_1_20' title="bbox 27 1894 1325 2011">
     <span class='ocr_line' id='line_1_31' title="bbox 79 1894 1325 1950; baseline -0.003 -9.157"><span class='ocrx_word' id='word_1_217' title='bbox 79 1900 203 1950; x_wconf 82' lang='lat' dir='ltr'>Quod</span> <span class='ocrx_word' id='word_1_218' title='bbox 224 1899 258 1941; x_wconf 90' lang='lat' dir='ltr'>si</span> <span class='ocrx_word' id='word_1_219' title='bbox 280 1908 360 1940; x_wconf 89' lang='lat' dir='ltr'>tam</span> <span class='ocrx_word' id='word_1_220' title='bbox 384 1897 522 1939; x_wconf 89' lang='lat' dir='ltr'>Graiis</span> <span class='ocrx_word' id='word_1_221' title='bbox 542 1897 700 1938; x_wconf 85' lang='lat' dir='ltr'>novitas</span> <span class='ocrx_word' id='word_1_222' title='bbox 720 1896 850 1936; x_wconf 89' lang='lat' dir='ltr'>invisa</span> <span class='ocrx_word' id='word_1_223' title='bbox 870 1894 1024 1946; x_wconf 90' lang='lat' dir='ltr'>fuisset,</span> <span class='ocrx_word' id='word_1_224' title='bbox 1271 1898 1325 1937; x_wconf 82' lang='lat'>90</span> 
     </span>
     <span class='ocr_line' id='line_1_32' title="bbox 80 1952 1324 2011; baseline -0.004 -12.204"><span class='ocrx_word' id='word_1_225' title='bbox 80 1957 216 2008; x_wconf 86' lang='lat' dir='ltr'>Quam</span> <span class='ocrx_word' id='word_1_226' title='bbox 240 1956 368 2005; x_wconf 86' lang='lat' dir='ltr'>nobis,</span> <span class='ocrx_word' id='word_1_227' title='bbox 387 1954 486 2011; x_wconf 90' lang='lat' dir='ltr'>quid</span> <span class='ocrx_word' id='word_1_228' title='bbox 507 1969 615 1995; x_wconf 90' lang='lat' dir='ltr'>nunc</span> <span class='ocrx_word' id='word_1_229' title='bbox 635 1962 742 1995; x_wconf 90' lang='lat' dir='ltr'>esset</span> <span class='ocrx_word' id='word_1_230' title='bbox 762 1952 910 1994; x_wconf 84' lang='lat' dir='ltr'>vetus?</span> <span class='ocrx_word' id='word_1_231' title='bbox 930 1963 1000 1995; x_wconf 89' lang='lat' dir='ltr'>aut</span> <span class='ocrx_word' id='word_1_232' title='bbox 1021 1952 1119 2009; x_wconf 81' lang='lat' dir='ltr'>quid</span> <span class='ocrx_word' id='word_1_233' title='bbox 1141 1952 1324 2004; x_wconf 86' lang='lat' dir='ltr'>haberet,</span> 
     </span>
    </p>
   </div>
   <div class='ocr_carea' id='block_1_17' title="bbox 20 2010 1165 2185">
    <p class='ocr_par' dir='ltr' id='par_1_21' title="bbox 20 2010 1165 2185">
     <span class='ocr_line' id='line_1_33' title="bbox 80 2010 1165 2070; baseline -0.004 -13.254"><span class='ocrx_word' id='word_1_234' title='bbox 80 2014 204 2065; x_wconf 89' lang='lat' dir='ltr'>Quod</span> <span class='ocrx_word' id='word_1_235' title='bbox 228 2014 385 2070; x_wconf 85' lang='lat' dir='ltr'>legeret</span> <span class='ocrx_word' id='word_1_236' title='bbox 406 2021 637 2067; x_wconf 83' lang='lat' dir='ltr'>tereretque</span> <span class='ocrx_word' id='word_1_237' title='bbox 659 2010 808 2052; x_wconf 84' lang='lat' dir='ltr'>viritim</span> <span class='ocrx_word' id='word_1_238' title='bbox 831 2010 1019 2066; x_wconf 88' lang='lat' dir='ltr'>publicus</span> <span class='ocrx_word' id='word_1_239' title='bbox 1041 2010 1165 2052; x_wconf 80' lang='lat' dir='ltr'>usus?</span> 
     </span>
     <span class='ocr_line' id='line_1_34' title="bbox 26 2067 992 2129; baseline -0.007 -14"><span class='ocrx_word' id='word_1_240' title='bbox 26 2072 42 2129; x_wconf 54' lang='grc' dir='ltr'>ἕξ</span> <span class='ocrx_word' id='word_1_241' title='bbox 81 2071 144 2116; x_wconf 91' lang='lat' dir='ltr'>Ut</span> <span class='ocrx_word' id='word_1_242' title='bbox 163 2073 339 2128; x_wconf 89' lang='lat' dir='ltr'>primum</span> <span class='ocrx_word' id='word_1_243' title='bbox 362 2070 502 2126; x_wconf 85' lang='lat' dir='ltr'>positis</span> <span class='ocrx_word' id='word_1_244' title='bbox 524 2069 667 2125; x_wconf 87' lang='lat' dir='ltr'>nugari</span> <span class='ocrx_word' id='word_1_245' title='bbox 692 2067 854 2110; x_wconf 84' lang='lat' dir='ltr'>Graecia</span> <span class='ocrx_word' id='word_1_246' title='bbox 876 2068 992 2109; x_wconf 88' lang='lat' dir='ltr'>bellis</span> 
     </span>
     <span class='ocr_line' id='line_1_35' title="bbox 20 2125 1019 2185; baseline -0.006 -13"><span class='ocrx_word' id='word_1_247' title='bbox 20 2126 36 2172; x_wconf 64' lang='grc' dir='ltr'>’Ξ</span> <span class='ocrx_word' id='word_1_248' title='bbox 67 2129 235 2185; x_wconf 77' lang='lat' dir='ltr'>Coepit,</span> <span class='ocrx_word' id='word_1_249' title='bbox 258 2139 299 2170; x_wconf 88' lang='lat' dir='ltr'>et</span> <span class='ocrx_word' id='word_1_250' title='bbox 319 2129 359 2169; x_wconf 94' lang='lat' dir='ltr'>in</span> <span class='ocrx_word' id='word_1_251' title='bbox 384 2127 526 2168; x_wconf 91' lang='lat' dir='ltr'>vitium</span> <span class='ocrx_word' id='word_1_252' title='bbox 546 2126 707 2168; x_wconf 58' lang='lat' dir='ltr'>fortuna</span> <span class='ocrx_word' id='word_1_253' title='bbox 730 2125 856 2167; x_wconf 88' lang='lat' dir='ltr'>labier</span> <span class='ocrx_word' id='word_1_254' title='bbox 876 2125 1019 2181; x_wconf 66' lang='lat' dir='ltr'>aequa,</span> 
     </span>
    </p>
   </div>
   <div class='ocr_carea' id='block_1_18' title="bbox 25 2173 41 2243">
    <p class='ocr_par' dir='ltr' id='par_1_22' title="bbox 25 2173 41 2243">
     <span class='ocr_line' id='line_1_36' title="bbox 27 2173 41 2193; baseline 0 0"><span class='ocrx_word' id='word_1_255' title='bbox 27 2173 41 2193; x_wconf 71' lang='lat'>2</span> 
     </span>
     <span class='ocr_line' id='line_1_37' title="bbox 27 2199 41 2210; baseline 0 -6"><span class='ocrx_word' id='word_1_256' title='bbox 27 2199 41 2210; x_wconf 75' lang='grc'>,.</span> 
     </span>
     <span class='ocr_line' id='line_1_38' title="bbox 25 2211 38 2243; baseline 0 0"><span class='ocrx_word' id='word_1_257' title='bbox 25 2211 38 2243; x_wconf 60' lang='lat' dir='ltr'>*l</span> 
     </span>
    </p>
   </div>
   <div class='ocr_carea' id='block_1_19' title="bbox 81 2183 1327 2238">
    <p class='ocr_par' dir='ltr' id='par_1_23' title="bbox 81 2183 1327 2238">
     <span class='ocr_line' id='line_1_39' title="bbox 81 2183 1327 2238; baseline -0.002 -9"><span class='ocrx_word' id='word_1_258' title='bbox 81 2186 206 2229; x_wconf 89' lang='lat' dir='ltr'>Nunc</span> <span class='ocrx_word' id='word_1_259' title='bbox 224 2186 467 2228; x_wconf 86' lang='lat' dir='ltr'>athletarum</span> <span class='ocrx_word' id='word_1_260' title='bbox 490 2183 644 2232; x_wconf 86' lang='lat' dir='ltr'>studiis,</span> <span class='ocrx_word' id='word_1_261' title='bbox 667 2198 778 2224; x_wconf 89' lang='lat' dir='ltr'>nunc</span> <span class='ocrx_word' id='word_1_262' title='bbox 797 2185 894 2224; x_wconf 88' lang='lat' dir='ltr'>arsit</span> <span class='ocrx_word' id='word_1_263' title='bbox 915 2198 1137 2238; x_wconf 88' lang='lat' dir='ltr'>equorum:</span> <span class='ocrx_word' id='word_1_264' title='bbox 1273 2188 1327 2226; x_wconf 86' lang='lat'>95</span> 
     </span>
    </p>
   </div>
   <div class='ocr_carea' id='block_1_20' title="bbox 24 2240 1095 2286">
    <p class='ocr_par' dir='ltr' id='par_1_24' title="bbox 24 2240 1095 2286">
     <span class='ocr_line' id='line_1_40' title="bbox 24 2240 1095 2286; baseline -0.005 1"><span class='ocrx_word' id='word_1_265' title='bbox 24 2271 34 2279; x_wconf 69' lang='lat'>,.</span> <span class='ocrx_word' id='word_1_266' title='bbox 84 2243 304 2286; x_wconf 79' lang='lat' dir='ltr'>Marmoris</span> <span class='ocrx_word' id='word_1_267' title='bbox 324 2253 394 2284; x_wconf 83' lang='lat' dir='ltr'>aut</span> <span class='ocrx_word' id='word_1_268' title='bbox 415 2241 547 2283; x_wconf 86' lang='lat' dir='ltr'>eboris</span> <span class='ocrx_word' id='word_1_269' title='bbox 569 2241 701 2282; x_wconf 88' lang='lat' dir='ltr'>fabros</span> <span class='ocrx_word' id='word_1_270' title='bbox 721 2249 791 2282; x_wconf 86' lang='lat' dir='ltr'>aut</span> <span class='ocrx_word' id='word_1_271' title='bbox 810 2240 900 2282; x_wconf 88' lang='lat' dir='ltr'>aeris</span> <span class='ocrx_word' id='word_1_272' title='bbox 919 2240 1095 2282; x_wconf 85' lang='lat' dir='ltr'>amavit:</span> 
     </span>
    </p>
   </div>
   <div class='ocr_carea' id='block_1_21' title="bbox 85 2297 1098 2412">
    <p class='ocr_par' dir='ltr' id='par_1_25' title="bbox 85 2297 1098 2412">
     <span class='ocr_line' id='line_1_41' title="bbox 85 2297 1098 2358; baseline -0.006 -14"><span class='ocrx_word' id='word_1_273' title='bbox 85 2301 308 2358; x_wconf 85' lang='lat' dir='ltr'>Suspendit</span> <span class='ocrx_word' id='word_1_274' title='bbox 328 2299 437 2356; x_wconf 64' lang='lat' dir='ltr'>picta</span> <span class='ocrx_word' id='word_1_275' title='bbox 460 2299 617 2340; x_wconf 91' lang='lat' dir='ltr'>vultum</span> <span class='ocrx_word' id='word_1_276' title='bbox 637 2306 901 2353; x_wconf 87' lang='lat' dir='ltr'>mentemque</span> <span class='ocrx_word' id='word_1_277' title='bbox 923 2297 1098 2347; x_wconf 43' lang='lat' dir='ltr'>tabell&amp;</span> 
     </span>
     <span class='ocr_line' id='line_1_42' title="bbox 85 2354 1088 2412; baseline -0.003 -12"><span class='ocrx_word' id='word_1_278' title='bbox 85 2358 208 2402; x_wconf 89' lang='lat' dir='ltr'>Nunc</span> <span class='ocrx_word' id='word_1_279' title='bbox 229 2357 476 2408; x_wconf 89' lang='lat' dir='ltr'>tibicinibus,</span> <span class='ocrx_word' id='word_1_280' title='bbox 500 2371 609 2398; x_wconf 91' lang='lat' dir='ltr'>nunc</span> <span class='ocrx_word' id='word_1_281' title='bbox 629 2363 691 2398; x_wconf 88' lang='lat' dir='ltr'>est</span> <span class='ocrx_word' id='word_1_282' title='bbox 710 2354 850 2412; x_wconf 87' lang='lat' dir='ltr'>gavisa</span> <span class='ocrx_word' id='word_1_283' title='bbox 871 2355 1088 2412; x_wconf 85' lang='lat' dir='ltr'>tragoedis:</span> 
     </span>
    </p>
   </div>
  </div>
 </body>
</html>
