1390 2586
137 104 190 141 60
443 114 756 142 EPISTOLARUM
785 114 872 143 Lm.
893 116 922 143 1.
942 106 982 153 4,
1004 106 1042 145 5.

142 212 235 254 Hoc
254 227 366 267 opus,
388 212 463 253 hoc
481 213 657 254 studium
677 213 787 268 parvi
807 229 1064 270 properemus
1085 224 1127 258 et
1145 215 1279 272 ampli,

146 268 189 309 Si
210 268 346 323 patriae
366 269 559 318 volumus,
581 269 614 310 si
633 269 748 310 nobis
768 270 902 311 vivere
922 273 1014 313 cari.

143 324 284 366 Debes
305 324 378 364 hoc
398 325 516 366 etiam
538 324 767 374 rescribere,
789 326 822 366 si
842 326 914 367 tibi
934 342 1054 378 curae,
1299 331 1353 370 30

144 380 319 428 Quantae
339 381 560 430 conveniat,
586 381 820 422 Munatius:
851 397 902 423 an
922 384 1024 424 male
1043 392 1148 426 sarta

144 436 287 478 Gratia
306 437 571 491 nequicquam
593 437 684 486 coit,
708 444 749 477 et
768 438 1015 480 rescinditur.
1075 441 1135 482 At
1154 454 1223 482 vos

146 492 227 533 Seu
248 493 395 533 calidus
415 493 589 548 sanguis,
611 507 834 533 seu-rerum
855 494 1010 536 inscitia
1027 505 1148 538 vexat

144 548 344 589 Indomita
365 549 516 589 cervice
537 549 653 598 feros,
678 549 906 604 ubicunque
926 550 1102 593 locorum

142 605 301 654 Vivitis,
323 605 478 660 indigni
500 606 714 646 fraternum
735 620 920 660 rumpere
941 607 1082 658 foedus,
1300 610 1354 648 35

143 661 325 702 Pascitur
344 661 384 701 in
407 669 579 702 vestrum
599 661 768 702 reditum
792 662 924 703 votiva
935 663 1123 718 juvenca.

303 928 511 955 EPISTOLA
542 929 713 956 Iv.-AD
743 930 917 958 ALBIUM
946 930 1192 959 TIBULLUM.

141 1012 250 1061 Albi,
273 1024 495 1055 nostrorum
516 1029 742 1056 sermonum
763 1016 927 1057 candide
941 1017 1083 1072 judex,

140 1068 251 1116 Quid
272 1084 378 1110 nunc
398 1079 437 1111 te
459 1071 584 1112 dicam
605 1073 735 1113 facere
756 1072 797 1113 in
818 1073 982 1128 regione
1006 1071 1203 1115 Pedana?

141 1125 324 1166 Scribere
346 1127 451 1181 quod
474 1127 587 1168 Cassi
612 1128 838 1170 Parmensis
858 1129 1048 1183 opuscula
1066 1127 1233 1171 vincat?

138 1181 205 1220 An
229 1182 392 1222 tacitum
413 1183 530 1223 silvas
550 1184 655 1224 inter
674 1193 830 1239 reptare
851 1185 1039 1234 salubres,

139 1236 358 1278 Curantem
378 1239 567 1293 quicquid
589 1240 754 1295 dignum
775 1241 954 1296 sapiente
975 1241 1160 1296 bonoque
1181 1239 1272 1282 est?
1327 1245 1354 1282 5

137 1293 231 1333 Non
254 1302 296 1334 tu
317 1309 458 1348 corpus
479 1310 564 1336 eras
584 1296 669 1336 sine
690 1304 864 1351 pectore.
923 1297 981 1339 Di
1002 1297 1075 1338 tibi
1094 1298 1274 1347 formam,

135 1348 196 1388 Di
218 1350 290 1390 tibi
310 1350 466 1392 divitias
487 1351 695 1402 dederunt,
717 1362 924 1408 artemque
944 1353 1115 1394 fruendi.

137 1404 249 1452 Quid
269 1415 411 1447 voveat
431 1407 535 1448 dulci
558 1408 755 1449 nutricula
774 1410 901 1463 majus
919 1410 1094 1459 alumno,

137 1461 219 1508 Qui
240 1476 392 1516 sapere,
416 1471 456 1503 et
476 1463 548 1503 fari
569 1465 692 1519 possit
711 1479 800 1519 quae
820 1465 975 1514 sentiat,
999 1474 1039 1506 et
1059 1465 1120 1506 cui

138 1517 291 1566 Gratia,
314 1519 430 1567 fama,
453 1520 638 1561 valetudo
658 1522 864 1575 contingat
883 1521 1054 1570 abunde,
1304 1523 1354 1561 10

137 1572 193 1614 Et
213 1574 383 1616 mundus
404 1575 543 1625 victus,
565 1591 644 1616 non
667 1576 877 1618 deficiente
898 1577 1120 1618 crumena?

137 1629 250 1670 Inter
269 1645 380 1685 spem
402 1646 629 1686 curamque,
653 1633 813 1673 timores
834 1633 938 1673 inter
958 1641 998 1674 et
1018 1634 1106 1682 iras,

139 1684 315 1726 Omnem
336 1687 452 1727 crede
473 1687 578 1727 diem
600 1688 672 1728 tibi
693 1688 882 1729 diluxisse
902 1703 1158 1743 supremum:

139 1741 266 1782 Grata
284 1743 551 1797 superveniet,
575 1758 664 1798 quae
683 1759 763 1784 non
784 1745 1019 1799 sperabitur,
1041 1745 1148 1786 hora.

138 1797 212 1838 Me
233 1798 425 1854 pinguem
447 1807 487 1839 et
508 1799 675 1840 nitidum
698 1801 800 1840 bene
822 1801 954 1842 curata
977 1810 1067 1842 cute
1086 1801 1203 1851 vises,
1304 1804 1352 1842 15

139 1853 276 1902 Quum
298 1855 426 1896 ridere
446 1855 555 1896 voles
578 1855 743 1910 Epicuri
764 1856 813 1897 de
833 1872 959 1912 grege
980 1872 1159 1913 porcum.

388 2087 457 2114 EPI
464 2087 597 2114 STOLA
627 2088 779 2115 v.——AD
809 2088 894 2116 TOR
901 2088 1100 2128 QUATUM.

138 2170 181 2212 Si
201 2179 313 2226 potes
336 2172 538 2214 Archiacis
559 2173 725 2215 conviva
745 2174 974 2215 recumbere
994 2174 1121 2224 lectis,

135 2227 225 2268 Nec
249 2228 402 2269 modica
423 2244 581 2270 coenare
603 2230 717 2271 times
738 2230 823 2271 olus
844 2245 960 2271 omne
981 2231 1126 2285 patella
1139 2247 1151 2280 3

136 2283 332 2338 Supremo
353 2292 391 2325 te
411 2286 494 2326 sole
514 2285 632 2336 domi,
657 2286 875 2341 Torquate,
897 2286 1081 2328 manebo.
