1390 2586
149 111 202 148 72
477 116 790 146 EPISTOLARUM
818 116 904 144 ΜΒ.
927 117 955 144 1.
982 105 1043 144 15.

152 217 488 271 Quandocunque
510 216 673 257 trahunt
692 215 819 256 invisa
838 215 1000 270 negotia
1022 215 1207 256 Romam.

151 274 286 324 Nunc,
308 288 397 328 age,
421 272 517 327 quid
538 280 715 312 nostrum
738 280 975 311 concentum
996 271 1158 320 dividat,
1179 269 1284 312 audi.

153 330 289 379 Quem
304 335 450 370 ‘tenues
470 329 640 369 decuere
662 335 766 382 togae
787 327 983 381 nitidique
1003 327 1148 382 capilli,

152 387 287 434 Quem
308 384 487 425 bibulum
508 383 650 438 liquidi
671 382 801 424 media
823 382 871 423 de
891 383 979 423 luce
1002 382 1175 431 Falerni,
1315 382 1383 422 20,

153 443 282 483 Coena
302 441 433 482 brevis
447 441 577 495 juvat,
602 447 643 479 et
670 453 797 493 prope
818 439 946 479 rivum
967 453 1129 480 somnus
1149 439 1189 478 in
1211 435 1334 478 herba

152 498 242 539 Nec
262 497 400 538 lusisse
421 496 557 550 pudet,
580 495 650 536 sed
670 510 749 535 non
770 494 944 535 incidere
964 494 1116 534 ludum.

153 554 246 594 Non
268 554 357 594 istic
377 553 539 606 obliquo
559 551 674 591 oculo
693 566 783 591 mea
803 550 1008 591 commoda
1027 550 1239 604 quisquam

153 610 310 657 Limat3
341 623 420 648 non
442 608 534 648 odio
555 607 721 648 obscuro
742 620 955 660 morsuque
976 614 1174 647 venenat:

153 666 308 706 Rident
327 664 446 705 vicini
467 663 604 718 glebas
625 670 666 704 et
684 677 779 704 saxa
798 670 1038 702 moventem.
1317 661 1370 699 25

154 722 260 762 Cum
281 720 403 762 servis
425 720 575 760 urbana
595 719 718 759 diaria
737 718 879 759 rodere
901 717 1055 758 mavis?

153 777 312 818 Horum
335 785 378 818 tu
399 776 439 816 in
462 789 672 815 numerum
693 781 786 815 voto
805 774 900 814 ruis.
960 773 1121 814 Invidet
1139 786 1255 813 usum

153 833 378 888 Lignorum
400 840 440 873 et
459 831 612 886 pecoris
633 830 705 872 tibi
725 830 810 870 calo
829 837 994 885 argutus
1015 837 1056 870 et
1075 829 1192 869 horti.

154 889 282 943 Optat
302 888 492 944 ephippia
512 887 582 927 bos
601 887 718 941 piger
734 901 744 934 3
775 893 886 940 optat
904 900 1014 926 arare
1036 884 1222 926 caballus.

154 945 286 993 Quam
307 945 381 986 scit
402 953 584 998 uterque,
607 942 735 983 libens
755 942 926 983 censebo
946 949 1131 983 exerceat
1149 948 1288 982 artem.
1317 941 1371 979 30

309 1246 519 1273 EPISTOLA
550 1244 734 1272 xv.——AD
766 1243 1023 1270 NUMONIUM
1053 1242 1214 1270 VALAM.

154 1341 260 1388 Quae
279 1338 330 1379 sit
350 1337 477 1378 hiems
498 1336 640 1385 Veliae,
663 1334 768 1390 quod
789 1333 946 1382 coelum,
969 1334 1083 1384 Vala,
1108 1333 1277 1384 Salerni,

155 1397 337 1444 Quorum
372 1393 579 1434 hominum
614 1392 740 1447 regio,
773 1397 813 1431 et
846 1390 974 1445 qualis
1007 1391 1241 1432 via—nam
1274 1388 1371 1430 mihi

265 1450 383 1491 Baias
925 1451 927 1454 ⁴

154 1508 278 1550 Musa
297 1519 562 1561 supervacuas
584 1503 798 1553 Antonius,
821 1511 861 1545 et
881 1511 1012 1546 tamen
1034 1502 1111 1543 illis

155 1565 231 1606 Me
252 1563 346 1604 facit
366 1562 550 1610 invisum,
572 1560 706 1615 gelida
728 1575 849 1614 quum
871 1559 1030 1615 perluor
1052 1558 1156 1599 unda

156 1621 237 1661 Per
256 1618 434 1660 medium
454 1617 592 1672 frigus.
655 1616 760 1656 Sane
781 1624 953 1657 murteta
973 1614 1158 1669 relinqui,
1346 1616 1371 1653 5

155 1677 360 1729 Dictaque
382 1681 600 1714 cessantem
623 1672 755 1712 nervis
776 1671 923 1712 elidere
945 1670 1126 1711 morbum

158 1733 321 1773 Sulfura
340 1729 542 1770 contemni
563 1727 672 1768 vicus
692 1728 831 1782 gemit,
854 1727 1012 1768 invidus
1032 1727 1162 1781 aegris,

157 1788 242 1837 Qui
262 1794 381 1841 caput
401 1793 441 1826 et
460 1783 703 1825 stomachum
725 1797 950 1839 supponere
970 1783 1147 1824 fontibus
1166 1781 1315 1824 audent

159 1843 348 1891 Clusinis,
373 1841 606 1894 Gabiosque
628 1848 782 1894 petunt,
805 1848 846 1880 et
864 1839 1010 1896 frigida
1028 1853 1130 1879 rura.

158 1899 383 1942 Mutandus
403 1898 512 1937 locus
533 1904 605 1944 est,
629 1904 669 1936 et
689 1895 914 1937 deversoria
932 1902 1027 1936 nota
1323 1896 1374 1934 10

158 1953 494 2009 Praeteragendus
515 1966 642 2006 equus
659 1967 667 1991 :
703 1953 788 1998 Quo
808 1954 930 1992 tendis
945 1951 967 1993 ,9
994 1965 1067 1991 non
1087 1951 1184 1990 mihi
1206 1951 1348 1991 Cumas

157 2014 237 2055 Est
256 2015 341 2060 iter,
363 2017 432 2050 aut
451 2010 591 2057 Baias,
614 2008 712 2048 laevfi
734 2008 1002 2049 stomachosus
1022 2006 1177 2047 habena

158 2069 286 2110 Dicet
305 2080 450 2121 eques:
481 2064 551 2106 sed
572 2064 666 2118 equi
688 2065 842 2105 frenato
863 2072 923 2105 est
941 2062 1046 2104 auris
1065 2062 1106 2102 in
1127 2076 1266 2103 ore.—

160 2125 297 2180 Major
319 2131 450 2163 utrum
469 2119 662 2175 populum
682 2120 871 2161 frumenti
892 2119 1006 2175 copia
1023 2126 1182 2173 pascat3

162 2181 414 2221 Collectosne
435 2177 574 2218 bibant
593 2176 752 2225 imbres,
774 2185 966 2231 puteosne
987 2188 1184 2230 perennes
1326 2175 1374 2214 15

159 2237 182 2277 J
189 2237 278 2292 ugis
298 2249 436 2290 aquae3
469 2248 558 2274 nam
580 2232 672 2272 vina
692 2232 791 2272 nihil
810 2247 940 2274 moror
959 2231 1065 2271 illius
1085 2244 1176 2270 orae.

162 2293 275 2334 Rure
296 2306 385 2332 meo
405 2304 564 2346 possum
586 2288 743 2343 quidvis
764 2289 937 2344 perferre
958 2286 1142 2343 patique3
