1390 2586
0 0 62 47 εξ

0 104 6 146 ζ
32 70 115 142 fs»
135 101 307 144 rimans]
499 99 879 131 mmmmm-mio.
1241 97 1324 140 277

36 187 291 236 {malas—135.
324 200 462 242 [curabis
483 199 624 241 reddere]
653 203 661 218 ‘
675 210 731 230 nec
750 200 783 230 in
805 210 842 230 eo
865 199 1046 236 elaborabis,
1069 206 1103 230 ut
1129 210 1222 239 quam
1246 201 1325 231 fide-

46 247 184 283 :haime
201 248 344 278 Graecum
363 246 487 284 aliquod
505 246 663 285 exemplar
686 245 717 273 in
737 244 881 273 Latinum
898 251 1079 279 convertas;
1105 254 1175 273 nam
1193 254 1324 283 pravum

28 281 279 330 fffflstudium
302 289 396 319 officit
422 289 515 318 etiam
539 288 688 318 sermonis
709 287 871 326 elegantiae
895 295 926 316 et
948 288 1093 325 pusillum
1118 288 1220 327 prodit
1235 287 1324 326 inge-

29 332 178 365 serim:
222 333 399 363 Secundum
430 332 488 361 hoc
517 339 583 361 erat
613 331 732 366 vitium,
763 331 801 360 ad
831 331 914 368 quod
944 331 1033 369 proni
1063 337 1151 360 erant
1179 331 1324 368 Romani,

30 360 167 417 {quum
196 377 320 407 Grecos
357 375 570 409 imitarentur3
603 375 672 404 vide
703 373 796 403 modo
829 374 947 403 Medeae
988 374 1140 403 Ennianae
1167 374 1324 412 reliquias.

29 419 42 459 ἢ
64 420 196 461 (Eurip.
213 420 298 449 Med.
313 419 387 454 502,
411 418 487 448 Νῦν
503 419 563 448 ποῖ
578 416 772 458 τράπωμαις
797 414 921 455 πότερα
946 416 1029 457 πρὸς
1045 416 1174 457 πατρὸς
1196 415 1326 457 δόμους,

31 471 46 484 ³
66 462 138 500 Οὓς
151 462 206 494 σοὶ
221 459 390 502 προδοῦσα
407 460 462 491 καὶ
484 459 620 502 πάτραν
644 458 829 501 ἁφικόμην;
848 457 890 489 Ἢ
911 459 995 500 πρὸς
1019 459 1186 497 ταλαίνας
1201 459 1325 491 Πελιά-

27 506 43 555 ὲ
69 503 150 544 Bag-3
189 507 332 536 Ennius:
371 506 435 538 Quo
462 515 541 534 nunc
567 515 611 535 me
639 505 780 534 vertam?
814 505 892 542 quod
918 506 977 533 iter
1007 505 1148 542 incipiam
1177 505 1325 544 ingredi?

28 556 37 582 ἒ.
66 550 198 581 «Domum
209 548 428 589 palernamne?
452 558 529 578 anne
548 549 590 577 ad
605 548 698 577 Pelioe
711 548 796 585 filius
805 549 835 585 ?)
848 563 888 568 —
902 544 971 586 [uec
982 545 1119 587 desilies]
1145 547 1325 585 significare

68 593 193 624 videtur
214 592 357 622 tabellam
374 591 532 630 AEsopiam
555 592 593 620 de
617 591 710 629 capra
730 590 762 618 in
786 597 913 629 puteum
935 590 1104 620 desiliente.
1153 591 1187 620 V.
1203 591 1326 621 desilire

21 664 26 676 ἃ
71 636 276 667 sennen-itatem
301 635 370 664 talis
394 634 508 673 incepti
533 639 628 664 notat.
649 649 693 654 —
710 631 759 673 [in
781 631 899 673 artum]
925 633 977 663 ‘Si
1004 634 1036 662 in
1061 635 1151 663 rebus
1177 643 1212 663 ac
1236 643 1327 674 περι-

70 678 220 716 πετείαις
235 679 288 715 (de
303 678 404 708 verbis
424 684 515 707 antea
530 682 691 706 monuerat
702 677 727 715 :)
751 676 853 706 statim
871 679 908 706 ab
930 676 1019 706 initio
1035 677 1127 706 nimis
1143 683 1172 706 te
1188 678 1325 716 applica-

65 722 152 752 meris
174 722 332 760 tragoediae
355 720 447 751 alicui
470 722 596 756 Graecae,
624 726 653 749 te
677 719 844 750 coarctabis
871 719 936 758 ipse
957 726 987 749 et
1013 721 1099 758 quasi
1124 721 1248 750 vincula
1270 721 1326 751 tibi

22 762 38 811 ,ι’
70 765 210 805 injicies3
233 775 272 795 ex
287 775 349 804 quo
364 764 427 800 fiet,
451 770 485 793 ut
502 773 575 793 mox
595 763 737 802 proprius
759 763 858 802 pudor
876 770 904 792 te
922 763 1080 802 impediat,
1107 764 1182 802 quin
1199 764 1327 794 liberius

20 815 37 850 ς
67 808 227 839 interdum
244 807 425 847 exspatiere.
472 807 542 837 Non
559 807 687 836 audebis
702 816 803 844 neque
819 806 932 835 addere
948 806 1116 845 quidquam
1131 817 1186 836 nec
1202 808 1327 837 demere

22 850 38 893 ξ’
70 860 130 882 nec
159 858 291 887 mutare,
323 851 445 887 timens,
476 860 515 879 ne
546 850 662 889 quaevis
696 849 872 879 immutatio
901 850 1123 888 spectatoribus
1152 850 1263 880 inscita
1291 861 1327 880 ac

20 897 36 927 7
71 895 236 926 temeraria
259 895 400 924 videatur
424 903 538 932 eosque
563 893 729 923 laedat.'—
743 892 813 932 [aut
827 894 924 932 operis
941 890 1005 932 lest]
1030 891 1228 934 *οἰκονομίᾳ
1251 895 1327 924 ordo

19 932 36 996 ’ὁ
71 947 109 969 ιο
130 938 295 977 descriptio
321 939 387 976 ejus
413 937 582 975 tragoediae,
607 946 700 974 quain
724 936 908 965 imitandam
933 937 1107 975 sumpsisti;
1139 937 1328 967 oeconomica

34 978 37 1010 ⁷,
71 981 233 1021 dispositio
260 981 404 1011 omnibus
426 987 499 1009 nota
525 986 556 1009 et
581 988 600 1009 a
623 980 686 1018 qua
709 979 828 1008 deflecti
845 979 904 1008 ‘vix
928 980 1052 1018 poteris,
1087 990 1194 1018 quum,
1221 980 1246 1010 si
1269 980 1328 1010 hoc

16 1002 38 1059 {⁷
71 1024 172 1055 facere
187 1025 311 1061 audeas,
335 1023 484 1052 mutando
499 1023 530 1052 in
546 1022 654 1062 primis
676 1021 914 1062 καταστροφὴν
929 1028 1022 1061 atque
1037 1023 1155 1052 exitum
1172 1023 1328 1062 sapienter

18 1060 37 1103 ³?
68 1077 93 1098 ι
107 1068 216 1098 Graeco
230 1069 322 1107 poeta
336 1066 546 1102 constitutum,
563 1066 666 1095 statim
683 1075 789 1094 ornnes
804 1066 946 1103 imperite
963 1073 992 1094 te
1008 1066 1106 1104 egisse
1122 1067 1276 1096 clament!

15 1089 37 1145 ξ
117 1110 188 1142 136.
213 1109 297 1151 [Nec
318 1108 378 1150 sic]
407 1110 473 1139 Hoc
496 1110 561 1138 loco
586 1107 648 1148 (vv.
672 1108 855 1146 136—152)
882 1119 899 1138 a
926 1119 1039 1146 genere
1062 1110 1178 1147 tragico
1207 1110 1328 1148 digredi

72 1153 197 1184 videtur
211 1153 436 1188 tantummodo,
462 1162 495 1182 re
518 1153 591 1182 vera
614 1162 675 1181 non
698 1151 881 1190 digreditur,
904 1153 957 1181 sed
974 1153 1116 1192 exempla
1132 1159 1162 1182 et
1178 1153 1329 1183 virtutum

73 1202 107 1227 et
120 1198 266 1227 vitiorum
283 1197 482 1236 poeticorum,
505 1205 573 1234 quie
596 1196 705 1225 afferre
729 1196 860 1231 volebat,
884 1196 975 1233 longe
991 1196 1110 1225 facilius
1126 1197 1223 1235 repeti
1240 1203 1329 1235 pote-

28 1274 33 1278 ,
73 1246 146 1270 rant
159 1250 198 1270 ex
215 1241 312 1279 poetis
331 1240 426 1279 epicis
448 1248 541 1277 quam
564 1248 602 1267 ex
626 1238 784 1276 tragoediis
805 1239 922 1267 Graecis
946 1239 1117 1277 harumque
1133 1240 1331 1269 exordiis.—

10 1294 35 1335 -ξᾼ
75 1281 239 1324 [cyclicus]
275 1284 437 1313 Poetarum
468 1281 654 1320 cyclicorum
684 1282 809 1311 nomine
838 1281 1033 1319 grammatici
1063 1283 1269 1312 Alexandrini
1299 1289 1331 1313 et

78 1327 200 1357 Horatii
215 1327 349 1365 aequales
369 1335 421 1356 eos
436 1324 630 1363 potissimum
646 1325 938 1363 complectebantur,
958 1335 1035 1363 quos
1052 1326 1190 1355 nominat
1206 1327 1330 1356 Procius

74 1369 107 1400 in
133 1369 393 1400 Chrestomathiae
421 1368 584 1407 Excerptis
608 1368 691 1406 apud
716 1368 750 1397 C.
777 1368 816 1397 G.
838 1367 1006 1397 Mi‘illerum
1031 1370 1069 1398 de
1088 1369 1194 1407 Cyclo,
1225 1380 1254 1408 p.
1278 1369 1329 1401 39.

75 1413 176 1443 Erant
191 1412 234 1444 τὰ
250 1411 387 1452 Κύπρια
403 1411 516 1442 Stasini
532 1412 578 1440 vel
595 1411 753 1449 Hegesini,
771 1411 889 1440 Arctini
901 1409 1054 1448 Αἰθιοπίς
1070 1411 1209 1451 (Olymp.
1222 1412 1330 1453 1—9.)

26 1484 28 1486 ,
75 1453 182 1493 Ἰλιὰς
196 1454 306 1498 μικρά,
327 1455 415 1495 cujus
437 1454 566 1493 scriptor
590 1453 743 1483 ferebatur
763 1453 893 1483 Les-ebes
918 1456 1056 1494 (Olymp.
1074 1455 1142 1493 30.)
1170 1466 1266 1494 usque
1290 1457 1331 1486 ad

28 1530 29 1534 ,
75 1498 138 1530 τὸν
160 1496 308 1542 δούρειον
329 1495 441 1529 ἵππον
464 1498 495 1527 in
524 1498 648 1536 Trojam
672 1497 901 1533 introductum3
927 1498 1047 1528 Arctini
1069 1495 1170 1528 Ἰλίου
1195 1496 1329 1539 πέρσιςς

75 1540 201 1574 Nom-ot
224 1543 354 1572 heroum
377 1543 416 1571 ab
441 1541 520 1578 Agia
546 1540 631 1579 (post
647 1541 770 1578 olymp.
789 1538 845 1578 20)
873 1541 1044 1579 compositi.
1067 1552 1176 1580 poema
1200 1542 1331 1583 παράλ-

24 1591 31 1619 ,’
74 1583 184 1623 ληλον
200 1587 357 1625 Odysseae.
391 1583 578 1624 Τηλεγονὶα
595 1584 819 1620 Eugammonis
849 1582 989 1623 (Olymp.
1002 1583 1059 1623 53)
1083 1585 1120 1614 de
1137 1586 1249 1623 quibus
1264 1596 1331 1615 om-

76 1629 168 1659 nibus
183 1637 264 1659 recte
281 1628 450 1658 Scholiasta
466 1627 635 1658 Clementis
652 1627 742 1656 Alex.
759 1627 807 1656 ed.
831 1626 914 1665 Lips.
937 1635 956 1656 t.
975 1628 1004 1662 4,
1030 1638 1060 1666 p.
1080 1628 1148 1663 104,
1174 1627 1332 1659 Κυκλικοὶ

27 1707 29 1710 Ι
75 1671 260 1703 καλοῦνται
276 1669 414 1709 ποιηταὶ
435 1667 466 1700 οἱ
489 1669 530 1700 τὰ
546 1667 657 1709 κύκλῳ
679 1670 742 1706 τῆς
757 1667 900 1706 Ἰλιάδος
928 1669 1022 1708 (adde
1038 1671 1224 1711 Odysseam)
1252 1671 1272 1710 ἦ
1290 1671 1332 1702 τὰ

76 1716 196 1755 πρῶτα
226 1714 248 1754 ἣ
279 1713 323 1745 τὰ
350 1711 610 1756 μεταγενέστερα
640 1711 674 1748 ἐξ
704 1712 817 1743 αὐτῶν
846 1713 915 1743 τῶν
944 1711 1130 1754 Ὁμηρικῶν
1160 1713 1333 1756 συγγράψ-

75 1768 155 1790 avi-r
176 1781 185 1789 .

29 1798 31 1803 '
122 1769 303 1838 Εἰς-139.
335 1797 534 1840 [Fortunam]
570 1800 672 1839 Hujus
696 1799 839 1829 versiculi
859 1800 1017 1838 exemplar
1034 1801 1176 1831 Gra‘cum
1194 1803 1333 1832 nondum

32 1867 35 1878 ,η
77 1851 235 1884 repertum
264 1851 328 1879 est;
363 1845 445 1874 unde
476 1844 588 1882 triplex
618 1843 716 1872 oritur
744 1842 894 1881 suspicio:
931 1843 981 1882 (l)
1006 1845 1053 1873 vel
1082 1844 1142 1873 fuit
1169 1846 1298 1876 exordiu

29 1926 31 1928 q
76 1888 155 1927 cycli
180 1887 456 1926 Pseudopisandrei
486 1887 640 1926 (Macrob.
668 1887 730 1915 Sat.
746 1887 776 1921 5,
805 1886 834 1915 2.
869 1886 1025 1925 Welcker,
1048 1897 1076 1926 p.
1101 1887 1178 1928 97):
1211 1889 1260 1928 (2)
1284 1856 1334 1919 νιεἸ

29 1964 31 1967 ,
77 1931 157 1962 alius
180 1931 327 1961 brevioris
349 1929 500 1969 poematis
525 1929 644 1968 cyclici,
669 1939 776 1958 omnes
792 1929 905 1958 Priami
929 1936 958 1959 et
985 1931 1085 1970 Trojae
1107 1931 1333 1963 vicissitudines

77 1974 242 2014 complexi,
267 1974 321 2003 sed
348 1973 435 2003 nobis
453 1973 562 2011 ignoti,
586 1972 757 2011 cujusmodi
780 1972 907 2011 aliquod
924 1973 1047 2002 Tzetzae
1064 1971 1218 2005 Ἰλιακῶν
1231 1976 1334 2006 simile

81 2018 203 2048 Horatii
229 2016 420 2056 temporibus
450 2016 603 2045 exstitisse
633 2025 689 2045 nec
718 2024 773 2054 pro
802 2022 885 2045 certo
918 2017 1064 2046 affirmari
1095 2027 1196 2056 neque
1227 2019 1334 2058 negari

77 2067 195 2101 potest:
221 2059 271 2099 (3)
298 2060 344 2088 vel
361 2060 430 2089 olim
444 2059 487 2088 ita
502 2059 720 2098 explicandum
742 2064 798 2095 est,
825 2064 859 2088 ut
875 2060 950 2088 solet
972 2061 1113 2098 usurpari
1130 2061 1160 2090 in
1178 2063 1330 2102 exemplis

32 2101 33 2105 ¹
76 2113 113 2134 tc
127 2104 266 2134 fabellis:
291 2106 298 2118 ‘
313 2103 355 2132 Ut
375 2102 438 2131 sere
453 2108 678 2131 consueverunt
696 2101 831 2141 incipere
855 2103 1017 2141 scriptores
1033 2103 1161 2142 cyclici.’
1206 2106 1327 2138 Quarta

77 2148 210 2178 aliorum
240 2147 314 2176 olim
339 2145 444 2184 opinio
468 2145 526 2174 fuit
550 2146 588 2174 ab
618 2146 746 2174 Horatio
775 2145 901 2175 liberius
930 2156 1109 2185 expressum
1136 2157 1201 2177 esse
1226 2150 1334 2181 Iliadis

61 2199 180 2230 ,parve
196 2189 320 2219 initium
333 2199 340 2218 :
360 2186 471 2218 ’Ῑλιον
486 2184 582 2218 ἀείδω
598 2186 650 2217 καὶ
668 2184 861 2229 Δαρδανίην
875 2186 1115 2228 ἐῧπωλον,Ἧς
1130 2187 1203 2233 πέρι
1218 2192 1334 2224 πολλὰ

78 2231 194 2264 πάθον
209 2230 334 2262 Δαναοὶ
351 2229 554 2271 θεράποντες
562 2227 750 2269 Ἀρηος.-
766 2229 883 2271 [seret]
913 2233 1039 2262 ‘afferet
1059 2234 1184 2264 lectori!
1226 2237 1332 2268 Quum

79 2284 250 2316 permagna
274 2282 305 2305 et
326 2275 410 2313 quod
439 2276 479 2304 ad
505 2274 657 2304 ambitum
684 2279 715 2303 et
742 2275 782 2303 ad
807 2275 986 2305 varietatem
1010 2277 1121 2306 attinet
1145 2287 1257 2317 magno
1280 2290 1333 2311 ore

78 2319 240 2359 promittit,
265 2318 343 2348 nihil
365 2318 448 2348 aliud
463 2318 516 2347 dat
531 2327 624 2356 quam
640 2316 771 2347 informe
786 2327 895 2356 poema
907 2319 1120 2358 cyclicum.—
1132 2318 1332 2363 [promissor]

34 2399 35 2402 Ἴ
77 2361 155 2403 ‘qui
177 2371 292 2402 magua
320 2361 492 2401 pollicetur,
515 2360 594 2391 nihil
620 2360 825 2401 praestatl—
841 2360 960 2403 [hiatu]
1001 2365 1008 2379 ‘
1026 2373 1078 2394 ore
1105 2365 1272 2396 ridiculum
1299 2367 1333 2398 in
