1390 2586
130 119 183 157 52
483 126 742 156 summurn
770 125 858 155 ΜΒ.
882 126 931 155 11.
952 115 991 156 8.

134 228 264 283 Capta
283 234 355 277 est,
378 226 550 267 deterior
569 234 660 281 post
678 234 834 281 partum
856 240 973 266 carne
993 225 1138 266 futura.

135 284 214 325 His
233 284 393 325 mistum
409 283 476 337 jus
497 290 577 323 est:
610 282 712 331 oleo,
735 282 843 336 quod
861 282 992 337 prima
1011 279 1180 322 Venafri
1300 283 1352 320 45
1380 279 1383 306 3

135 340 288 381 Pressit
307 339 431 388 cella3
462 353 559 394 garo
579 338 628 378 de
649 339 775 379 succis
795 337 914 392 piscis
936 337 1104 386 Hiberi3

133 395 243 437 Vino
265 395 530 451 quinquenni,
552 409 690 435 verum
712 394 809 434 citra
828 407 936 434 mare
955 401 1062 442 nato,

134 452 250 493 Dum
271 452 454 506 coquitur
478 453 608 504 (cocto
631 449 778 491 Chium
799 449 856 490 sie
876 449 1075 498 convenit,
1098 455 1142 490 ut
1161 463 1242 490 non

137 508 229 549 Hoc
249 508 377 562 magis
400 507 523 547 ullum
542 506 685 558 aliud),
706 505 846 560 pipere
866 505 969 554 albo,
991 519 1071 545 non
1092 505 1179 546 sine
1199 512 1324 552 aceto,

137 564 259 612 Quod
281 563 601 617 Methymnaeam
622 561 718 603 vitio
738 561 952 602 mutaverit
972 575 1100 602 uvam.
1301 563 1355 600 50

136 620 288 661 Erucas
308 619 465 667 virides,
488 618 616 658 inulas
637 632 713 673 ego
734 617 885 672 primus
904 631 1056 657 amaras

137 675 363 716 Monstravi
383 675 612 728 incoquere,
634 674 764 714 illotos
787 673 981 714 Curtillus
1001 671 1175 722 echinos,

136 731 198 773 Ut
217 732 358 773 melius
379 731 519 779 muria,
541 745 661 784 quam
682 737 782 770 testa
801 728 952 770 marina
971 728 1151 770 remittit.

135 786 297 829 Interea
315 801 506 841 suspensa
525 800 667 842 graves
686 785 811 826 aulaea
830 785 964 825 ruinas

137 843 186 884 In
208 844 383 899 patinam
404 844 549 891 fecere,
572 841 769 883 trahentia
787 841 963 896 pulveris
982 839 1059 881 atri
1303 841 1356 879 55

137 899 347 948 Quantum
367 913 446 939 non
469 898 620 953 Aquilo
643 896 860 952 Campanis
881 896 1029 937 excitat
1048 895 1167 951 agris.

137 955 223 997 Nos
243 956 370 1010 majus
391 954 520 1004 veriti,
543 962 751 1009 postquam
773 952 872 993 nihil
893 967 978 993 esse
999 951 1138 1007 pericli

139 1012 359 1061 Sensimus,
382 1010 586 1065 erigimur.
648 1010 792 1058 Rufus,
815 1009 945 1063 posito
965 1009 1109 1063 capite,
1133 1014 1178 1048 ut
1196 1007 1229 1048 si

137 1067 265 1109 Filius
285 1068 518 1108 immaturus
541 1066 699 1114 obisset,
724 1065 834 1106 flere.
879 1064 1001 1112 -Quis
1022 1071 1127 1105 esset

139 1123 264 1173 Finis,
287 1124 328 1163 ni
349 1122 506 1178 sapiens
527 1123 583 1163 sic
605 1121 885 1162 Nomentanus
905 1120 1078 1161 amicum
1304 1121 1359 1159 60

137 1179 344 1220 Tolleret:
379 1179 488 1228 Heu,
513 1178 702 1226 Fortuna,
726 1177 815 1231 quis
835 1184 896 1217 est
915 1176 1112 1216 crudelior
1131 1175 1173 1215 in
1193 1188 1266 1215 nos

138 1235 203 1276 Te
225 1234 357 1276 deus?
416 1234 478 1276 Ut
497 1249 654 1289 semper
673 1233 823 1289 gaudes
843 1232 1011 1273 illudere
1033 1231 1151 1272 rebus

139 1290 365 1333 Humanis!
426 1290 571 1331 Varius
591 1290 739 1344 mappa
758 1288 1009 1343 compescere
1030 1287 1152 1328 risum

139 1347 223 1388 Vix
242 1355 410 1402 poterat.
473 1346 634 1387 Balatro
654 1344 902 1400 suspendens
921 1343 1056 1385 omnia
1074 1358 1182 1393 naso,

105 1453 114 1460 ι
140 1403 244 1445 Haec
264 1412 325 1444 est
344 1402 518 1444 conditio
539 1401 712 1452 vivendi,
734 1401 890 1448 aiebat3
922 1415 1051 1455 eoque
1306 1401 1360 1439 65

143 1459 402 1514 Responsura
422 1468 490 1500 tuo
512 1473 717 1512 nunquam
739 1465 799 1498 est
819 1471 889 1512 par
909 1457 1012 1498 fama
1033 1455 1171 1496 labori.

141 1515 272 1564 Tene,
297 1525 340 1556 ut
360 1530 436 1570 ego
457 1514 627 1569 accipiar
646 1514 766 1562 laute,
789 1512 1012 1566 torquerier
1031 1511 1141 1552 omni

144 1571 421 1612 Sollicitudine
443 1569 698 1612 districtum?
728 1584 779 1609 ne
801 1568 913 1623 panis
933 1568 1108 1616 adustus,

143 1627 209 1668 Ne
230 1628 332 1668 male
353 1627 554 1668 conditum
571 1627 638 1680 jus
658 1623 909 1680 apponatur?
939 1632 983 1664 ut
1003 1637 1141 1664 omnes

143 1683 357 1724 Praeeincti
377 1691 485 1724 reete
506 1682 618 1737 pueri
641 1681 871 1736 comptique
892 1678 1151 1720 ministrent?
1309 1681 1363 1718 70

144 1739 263 1780 Adde
284 1739 355 1780 hos
375 1747 568 1794 praeterea
588 1752 712 1785 casm,
734 1737 858 1777 aulaea
878 1736 995 1777 ruant
1013 1735 1060 1788 si,

144 1795 206 1837 Ut
226 1795 342 1836 modo
358 1811 368 1843 3
393 1795 426 1836 si
446 1794 623 1849 patinam
644 1793 746 1848 pede
766 1793 898 1847 lapsus
918 1792 1077 1847 frangat
1095 1804 1229 1846 agaSO.

146 1851 226 1892 Sed
247 1851 521 1899 convivatoris,
545 1850 603 1891 uti
622 1849 745 1897 ducis,
768 1848 976 1903 ingenium
998 1862 1061 1888 res
1088 1851 1112 1862 ‘⁵

143 1907 335 1948 Adversae
355 1907 504 1948 nudare
523 1906 665 1955 solent,
688 1905 815 1946 celare
836 1904 1033 1945 secundae.

146 1963 388 2004 Nasidienus
406 1963 455 2003 ad
476 1963 582 2004 haec:
607 1962 704 2002 Tibi
725 1961 797 2009 Di,
820 1974 1070 2015 quaecunque
1091 1957 1278 2014 preceris,
1309 1959 1365 1998 75

147 2019 368 2060 Commoda
387 2019 505 2068 dent3
535 2018 591 2058 ita
609 2017 670 2058 vir
692 2019 817 2058 bonus
838 2031 880 2057 es
900 2017 1146 2070 convivaque
1166 2013 1311 2054 comis:

146 2073 202 2116 E‘t
221 2076 347 2116 soleas
367 2075 504 2130 poscit.
565 2073 675 2114 Tum
695 2073 736 2113 in
758 2073 862 2114 lecto
882 2086 1044 2127 quoque
1064 2070 1221 2111 videres

147 2131 325 2172 Stridere
346 2131 499 2172 secreta
521 2129 666 2171 divisos
685 2144 780 2170 aure
801 2143 992 2170 susurros.

147 2193 159 2212 ⁴
178 2186 320 2228 Nullos
341 2187 401 2228 his
422 2187 580 2228 mallem
601 2186 713 2226 ludos
733 2193 957 2240 spectasse3
987 2182 1057 2224 sed
1077 2181 1145 2223 illa

148 2242 305 2292 Redde,
326 2258 415 2298 age,
439 2258 529 2298 quae
549 2242 737 2296 deinceps
757 2241 902 2282 risisti.'
960 2238 1148 2280 Vibidius
1167 2236 1262 2278 dum
1311 2239 1364 2278 80

149 2298 308 2348 Quaerit
326 2299 375 2340 de
395 2299 541 2354 pueris,
563 2313 659 2339 num
679 2298 911 2352 sit'quoque
931 2296 1055 2338 fracta
1073 2294 1230 2350 lagena,
