1390 2586
374 127 695 157 EPISTOLARUM
725 128 814 156 Lm.
837 128 868 157 1.
890 117 928 156 7.
1224 117 1279 156 65

33 225 149 278 Dum
167 230 286 282 redit,
307 238 445 287 utque,
467 230 555 272 foro
575 229 746 271 nimium
768 229 916 272 distare
941 228 1128 279 Carinas,

31 287 125 331 Jam
143 288 308 344 grandis
328 297 426 330 natu
448 287 646 344 queritur,
669 287 895 343 conspexit,
921 295 964 329 ut
983 287 1111 337 aiunt,

34 344 238 388 Adrasum
259 346 463 402 quendam
486 346 614 388 vacua
634 346 805 387 tonsoris
826 345 868 385 in
890 344 1047 395 umbra,

34 402 214 445 Cultello
234 403 417 460 proprios
438 411 682 459 purgantem
705 402 852 444 leniter
873 417 1046 458 ungues.
1226 403 1280 442 50

33 458 226 504 Demetri
249 461 371 516 (puer
390 460 456 501 hic
477 475 558 500 non
580 459 680 502 laeve
694 460 810 515 jussa
832 458 1012 515 Philippi

34 517 311 574 Accipiebat),
333 517 414 569 abi,
437 532 588 574 quaere,
612 525 654 559 et
674 517 792 566 refer,
815 516 925 558 unde
946 516 1080 566 domo,
1104 515 1209 572 quis,

35 573 166 630 Cujus
186 575 372 626 fortunae,
395 590 477 631 quo
496 574 550 616 sit
569 582 696 630 patre,
720 589 854 630 quove
874 581 1057 629 patrono.

34 629 89 683 It,
110 631 215 674 redit
235 641 278 674 et
298 642 456 674 narrat:
491 631 717 682 Vulteium,
740 631 905 673 nomine
929 630 1115 681 Menam,

35 686 287 740 Praeconem,
310 690 426 732 tenui
447 704 584 739 censu,
607 689 694 730 sine
716 689 898 739 erimine,
921 697 1091 737 notum3
1228 691 1281 729 55

35 741 94 789 Et
112 761 330 803 properare
351 747 454 797 loco,
478 754 520 788 et
540 761 709 796 cessare,
733 755 775 788 et
796 761 993 802 quaerere,
1017 755 1059 788 et
1081 745 1153 796 uti,

36 803 300 852 Gaudentem
321 804 539 861 parvisque
559 803 776 854 sodalibus,
800 812 842 846 et
862 804 945 845 lare
967 812 1092 854 certo,

77 869 94 904 t
112 861 230 912 ludis,
253 869 306 912 et,
329 869 419 918 post
440 861 574 904 decisa
594 861 773 918 negotia,
799 861 970 917 Campo.

35 971 38 975 ι
72 918 184 961 citari
205 915 306 961 libet
327 935 380 961 ex
400 920 500 976 ipso,
523 934 780 975 quaecunque
801 920 954 960 refers:
987 918 1052 960 dic

37 976 107 1021 Ad
126 991 284 1019 coenam
305 977 454 1019 veniat,
515 976 613 1018 Non
634 991 730 1018 sane
752 976 917 1018 credere
942 975 1098 1018 Mena:
1229 978 1284 1016 60

35 1027 186 1087 j-Mirari
205 1049 342 1076 secum
363 1035 521 1077 tacitus.
583 1033 697 1083 Quid
718 1033 878 1075 multa?
939 1033 1143 1091 Benigne,

36 1088 293 1148 Respondet.
345 1092 486 1148 Neget
505 1091 574 1132 ille
596 1091 729 1132 mihi?
775 1091 917 1148 Negat
936 1091 1158 1146 improbus,
1181 1098 1224 1133 et
1244 1098 1284 1133 te

36 1143 231 1214 Negligit
249 1156 320 1191 aut
339 1148 487 1192 horret.
549 1148 763 1191 Vulteium
783 1164 902 1191 mane
927 1149 1145 1205 Philippus

37 1204 150 1248 Viha
169 1206 415 1248 vendentem
437 1207 617 1249 tunicato
636 1214 772 1248 scruta
791 1206 955 1263 popello

39 1262 241 1320 Occupat,
264 1271 307 1306 et
325 1264 480 1306 salvere
494 1264 617 1320 jubet
635 1265 757 1320 prior.
820 1264 896 1305 Ille
926 1263 1115 1320 Philippo
1232 1265 1286 1303 65

40 1317 250 1363 Excusare
272 1321 463 1371 laborem,
486 1330 528 1364 et
547 1321 797 1363 mercenaria
816 1321 963 1372 vincla,

41 1376 165 1428 Quod
185 1394 268 1420 non
287 1393 407 1420 mane
427 1379 592 1421 domum
613 1378 817 1428 venisset3
843 1379 1023 1435 denique
1045 1377 1154 1435 quod
1175 1392 1259 1419 non

34 1433 293 1478 0Providisset
312 1451 419 1478 eum.
484 1436 553 1478 Sic
573 1436 778 1494 ignovisse
798 1444 941 1492 putato

40 1490 120 1537 Me
139 1492 226 1544 tibi,
249 1493 284 1535 si
304 1508 440 1535 coenas
460 1493 580 1535 hodie
602 1508 776 1535 mecum.
838 1493 901 1536 Ut
921 1493 1035 1536 libet.
1097 1492 1212 1550 Ergo

0 1559 1 1562 ’
37 1546 144 1599 Post
162 1565 309 1592 nonam
330 1550 494 1601 venies;
524 1566 634 1593 nunc
654 1551 680 1600 i,
704 1566 790 1592 rem
811 1559 1001 1593 strenuus
1020 1566 1141 1608 auge.
1234 1552 1288 1592 70

0 1605 1 1611 ’
35 1604 107 1654 ⁴Ut
124 1615 293 1650 ventum
313 1608 362 1650 ad
385 1624 542 1651 coenam
563 1617 637 1659 est,
661 1608 833 1650 dicenda
854 1608 1024 1650 tacenda
1043 1609 1217 1658 locutus,

41 1657 231 1710 Tandem
251 1665 469 1708 dormitum
490 1666 719 1709 dimittitur.
781 1665 877 1716 Hic,
902 1666 972 1708 ubi
992 1681 1100 1722 saepe

40 1719 264 1773 'Occultum
284 1723 394 1765 visus
414 1723 628 1765 decurrere
649 1723 770 1780 piscis
790 1723 841 1765 ad
861 1723 1039 1774 hamum,

37 1776 174 1826 ·Mane
194 1780 320 1822 cliens
341 1789 383 1823 et
396 1781 484 1837 jam
505 1790 638 1824 certus
659 1781 842 1831 conviva,
858 1781 1031 1836 jubetur

43 1862 46 1865 Δ
89 1851 159 1880 ura
178 1837 409 1880 suburbana
429 1838 591 1880 indictis
611 1853 747 1880 comes
767 1838 826 1880 ire
849 1839 1023 1881 Latinis.
1238 1841 1290 1879 75

44 1914 46 1918 ·
79 1914 98 1932 a·
109 1894 266 1951 positus
285 1895 444 1937 mannis
464 1911 607 1952 agrum
630 1896 861 1951 coelumque
886 1896 1085 1938 Sabinum

45 1955 51 1961 ”
71 1959 142 1994 ὀυ
162 1960 292 1994 cessat
311 1953 488 1994 laudare.
548 1953 883 2009 Videtridetque
910 1953 1148 2010 Philippus:

43 2059 45 2063 ι
136 2009 214 2051 sibi
233 2010 330 2051 dum
351 2010 548 2066 requiem,
569 2011 665 2052 dum
686 2010 789 2053 risus
811 2011 992 2067 undique
1015 2011 1173 2067 quaerit,

42 2065 160 2111 &um
180 2076 338 2124 septem
360 2067 484 2110 donat
503 2068 698 2119 sestertia,
721 2075 864 2110 mutua
883 2078 1043 2124 septem

49 2123 269 2175 'romittit,
292 2125 522 2181 persuadet,
547 2126 604 2167 uti
624 2134 827 2167 mercetur
846 2126 1039 2182 agellum.
1238 2127 1292 2167 80

44 2199 84 2233 χι
101 2191 262 2224 eroetur
279 2198 288 2223 :
322 2197 373 2223 ne
394 2191 435 2224 te
456 2182 590 2240 longis
610 2183 851 2239 ambagibus
871 2184 990 2232 ultra,

43 2274 45 2277 .
65 2241 81 2266 '³⁴
95 2253 185 2280 uam
205 2239 302 2282 satis
322 2249 396 2290 est,
419 2255 578 2289 morer3
611 2255 662 2281 ex
683 2240 811 2282 nitido
833 2240 878 2282 fit
899 2240 1086 2290 rusticus,
1108 2246 1232 2297 atque

40 2323 42 2327 -
65 2295 194 2339 ¹⁴·lcos
213 2305 256 2339 et
276 2297 414 2338 vineta
435 2306 574 2353 erepat
593 2312 717 2348 mera,
741 2305 941 2353 praeparat
961 2297 1106 2348 ulmos,

42 2370 58 2414 *c
73 2353 284 2397 inmoritur
303 2354 460 2406 studiis,
484 2363 526 2397 et
544 2370 681 2397 amore
701 2355 878 2397 senescit
898 2354 1087 2397 habendi.
