1390 2586
50 109 122 142 m.
136 109 176 134 11.
190 99 237 144 7.]
494 99 874 131 innumerum.
1233 97 1314 140 179

50 212 85 246 p.
104 203 159 241 33,
177 201 248 244 B.);
271 211 340 242 quoe
362 210 459 241 quum
481 201 558 231 levis
583 200 623 230 sit
643 200 783 239 nullique
807 199 840 230 in
863 200 902 230 ea
918 199 1023 239 anguli
1040 199 1208 236 emineant,
1230 199 1310 230 nihil

51 247 135 288 qued
148 246 338 279 extrinsecus
350 244 513 284 impingat,
533 245 565 274 in
590 254 627 274 ea
642 246 754 274 morari
769 243 917 284 (haerere)
934 253 1041 273 eamve
1057 244 1170 273 laedere
1194 249 1306 283 potest.

51 307 96 316 ·-
122 287 244 330 num]
265 288 371 329 ‘quasi
392 288 538 318 manibus
554 288 674 324 debilis,
690 288 734 318 ita
749 293 784 317 ut
805 288 956 327 impetum
972 288 1004 317 in
1020 287 1191 326 sapientem
1209 287 1309 317 facere

114 334 206 366 nent·

51 344 230 414 ⁸⁶27—62.»
252 373 339 416 [Non
363 372 447 415 quis]
476 374 526 404 Sic
548 375 631 414 apud
654 374 835 404 Ciceronem
859 379 1037 404 constanter
1058 384 1115 404 non
1135 384 1218 414 queo,
1242 383 1305 403 non

109 430 172 453 neo.
187 436 231 442 -
247 417 324 460 [Vet
336 416 443 458 quum]
461 419 469 434 ⁴
480 418 614 456 exempli
637 419 740 453 causa,
763 423 798 447 ut
820 418 928 448 ceteris
944 418 1065 447 omissis
1082 418 1139 447 hoc
1154 417 1303 447 afferam!

52 464 153 504 Epod.
175 463 224 499 12,
247 462 297 498 13,
319 469 350 491 et
366 462 449 500 Virg.
468 462 540 491 AEn.
565 461 614 492 ll.
629 461 698 492 406.
716 478 760 483 —
776 459 962 501 [Pausiacd]
991 461 1117 490 Pausias
1141 460 1305 500 Sicyonius

50 507 153 539 floruit
167 505 288 537 circiter
303 515 385 536 anno
400 511 471 535 ante
488 505 560 534 Chr.
577 504 648 540 370.
674 504 826 542 Pingebat
841 515 950 543 parvas
972 505 1099 534 tabellas
1115 504 1304 534 encausticas

49 550 246 588 maximeque
275 559 397 588 pueros.
412 565 455 569 —-
471 545 602 588 [torpes]
634 550 695 577 Sat.
728 549 755 584 l,
782 548 811 584 4,
840 549 890 584 28,
917 553 1018 587 stupet
1039 549 1149 578 Albius
1177 558 1247 578 cere.
1261 564 1306 569 —

49 590 159 636 [fului
173 590 378 632 tentataque]
404 591 540 623 Nomina
562 591 789 630 gladiatorum;
815 593 1017 622 Pacideianus
1034 589 1091 630 (sic
1114 591 1198 620 enim
1214 591 1306 621 codd.

48 637 192 672 meliores
205 636 290 676 apud
301 636 366 666 Cic.
379 637 449 675 Opt.
463 635 542 665 Gen.
554 636 604 665 Or.
617 634 647 665 6.
667 635 756 664 Tusc.
771 635 800 671 4,
815 635 867 666 21.
891 636 950 674 Ep.
968 635 1008 665 ad
1020 636 1057 667 Q.
1072 635 1123 665 Fr.
1136 635 1166 670 3,
1181 632 1228 674 4.)
1239 636 1305 674 jam

46 680 204 717 §Lucilio
217 681 454 710 memorabatur.
469 695 513 700 —
528 677 680 718 [contento
700 676 828 718 poplite]
848 679 996 718 Explica:
1019 680 1027 694 ⁸
1040 679 1218 714 certamina,
1235 689 1304 717 quae

48 723 246 758 committunt
271 723 353 752 iuter
377 732 408 752 se
431 722 617 760 gladiatores
643 722 693 751 isti
718 729 864 752 contento
889 722 1016 762 poplite,
1038 723 1174 761 projecto
1199 721 1306 761 pedes

48 776 110 802 mn
134 768 142 783 ‘
151 769 245 798 miror
259 770 396 797 contento
408 766 542 805 poplite)

52 831 54 835 -
90 809 230 845 63-67.
255 807 411 850 [rubrica]
431 808 619 847 Hujusmodi
641 808 769 847 picturae
793 809 886 838 rudes
908 814 1001 848 atque
1016 808 1164 838 informes
1181 809 1220 838 ad
1235 807 1305 838 alli-

47 852 194 886 ciendum
209 853 365 893 popellum
382 858 453 882 ante
470 853 557 882 ludos
572 854 808 890 exponebantur
823 854 861 882 ab
878 851 927 888 iis,
943 852 995 891 qui
1012 862 1142 882 munera
1158 853 1303 887 edebant,

47 897 97 929 vel
113 897 206 928 etism
221 906 240 927 a
255 895 384 926 lanistis.
399 912 443 918 ·--
457 893 622 935 [cessator]
645 898 652 911 ‘
664 896 716 934 qui
742 906 803 925 non
826 896 930 925 statim
953 901 1080 935 apparet
1104 895 1229 926 domino
1251 905 1304 925 vo-

46 941 140 977 canti,
156 941 204 971 vel
219 939 323 978 aliquo
338 939 449 969 missus
463 949 532 970 sero
547 940 674 968 domum
691 939 790 970 redit.’
816 939 877 968 Cfr.
895 940 974 978 Epp.
990 940 1019 974 2,
1037 940 1067 973 2,
1085 939 1133 969 14.
1148 956 1192 961 —
1209 937 1304 980 [vete-

46 981 132 1024 nn]
149 983 248 1018 atatis
259 983 332 1013 inde
345 993 364 1013 a
373 982 489 1013 Pericle
500 983 539 1012 ad
551 983 763 1012 Alexandrum
777 983 864 1012 M.—
873 981 1034 1023 [callidus]
1050 985 1057 998 ‘
1067 994 1086 1013 a
1097 982 1308 1013 connais-seur)

49 1028 113 1058 Sat.
136 1027 167 1060 2.
189 1027 219 1062 3,
241 1027 293 1057 23.
307 1043 351 1047 -
368 1024 443 1066 [Nit
463 1024 533 1066 ego]
559 1022 642 1067 *ἐγὼ
665 1022 761 1056 οὐδέν
783 1024 856 1067 εἶμι,
880 1036 1015 1065 nequam
1038 1025 1152 1056 audio.'
1169 1043 1211 1048 —
1229 1024 1305 1066 [tibi

46 1067 170 1111 iugem]
188 1071 334 1101 ‘tantane
350 1076 402 1100 tua
423 1075 470 1100 est
487 1070 593 1106 virtus,
611 1076 645 1099 ut
660 1069 792 1100 libenter
807 1079 911 1100 careas
926 1070 1022 1100 coenis
1038 1070 1173 1109 opiparis
1189 1079 1304 1108 easque

45 1113 204 1148 &vitesi’

89 1155 226 1193 70-73,
250 1155 323 1197 [qui
336 1161 370 1187 tu
384 1153 576 1196 impunitior]
595 1156 675 1195 ‘quo
695 1157 821 1186 tandem
837 1157 910 1195 jure
932 1161 1051 1187 naturae
1070 1155 1175 1186 minus
1191 1156 1304 1194 dignus

45 1209 82 1235 en
93 1201 186 1240 poem‘i
202 1211 295 1239 quarn
310 1210 378 1239 ego,
394 1200 446 1230 ubi
469 1204 650 1239 sumptuosa
664 1199 792 1230 obsonia
810 1200 953 1239 cupidius
968 1200 1045 1230 emis
1058 1199 1069 1229 2
1106 1201 1304 1238 Quamquam

46 1249 81 1281 ιιι
95 1253 220 1283 quoque
235 1253 275 1274 ex
289 1249 407 1274 naturae
423 1244 490 1281 lege
506 1244 606 1282 justas
621 1243 796 1281 gulositatis
816 1253 924 1283 poenas
939 1244 1060 1282 pendis,
1078 1243 1174 1272 nimio
1189 1243 1258 1273 cibo
1274 1249 1304 1273 et

45 1287 199 1319 cruditate
214 1286 392 1318 debilitatus
410 1293 504 1326 atque
520 1286 634 1316 morbis
658 1287 814 1317 tentatus.’
829 1303 872 1308 --
889 1284 1146 1327 [inamarescunt]
1163 1286 1212 1316 ‘in
1231 1297 1305 1316 ven-

45 1331 156 1366 triculo
172 1340 305 1369 eumque
319 1330 539 1369 corrumpunt!
565 1330 628 1360 Sat.
645 1330 676 1366 2,
692 1331 722 1367 2,
735 1330 788 1366 75,
802 1331 913 1360 Dulcia
927 1341 959 1361 se
974 1333 1005 1360 in
1023 1331 1110 1361 bilem
1125 1334 1249 1361 vertent.
1261 1346 1306 1352 -

48 1370 224 1414 [illu-sique]
242 1375 251 1389 ‘
262 1373 315 1412 qui
328 1374 403 1403 dum
420 1380 454 1403 ut
469 1378 560 1403 antea
575 1379 655 1403 stare
671 1382 704 1403 se
719 1383 808 1413 posse
823 1373 954 1404 credunt
965 1379 998 1404 et
1008 1374 1126 1410 volunt,
1140 1374 1305 1404 vacillant!

43 1430 90 1442 ν·-
105 1415 276 1457 [vitiosum]
293 1416 445 1447 cruditate
461 1422 491 1446 et
506 1417 588 1455 aqua
603 1416 684 1446 inter
699 1422 812 1447 cutem.

89 1459 226 1497 74—80.
255 1458 324 1500 [An
347 1462 396 1492 hic
414 1458 536 1500 peccat]
563 1459 664 1490 Simili
688 1460 791 1490 denuo
815 1461 959 1500 exemplo
984 1460 1175 1500 propositum
1200 1470 1304 1495 suum.

43 1503 132 1544 puio.
147 1514 213 1535 esse
228 1508 260 1534 et
273 1503 390 1534 domini
411 1510 442 1533 et
463 1504 543 1533 servi
566 1508 701 1542 peccata,
719 1504 919 1534 demonstrat.
934 1520 978 1525 —-
995 1503 1065 1544 [sub
1086 1502 1214 1543 noctem]
1231 1503 1241 1519 ‘
1254 1506 1305 1534 An

46 1557 143 1588 quum
160 1546 211 1586 (ut
231 1556 284 1577 vos
303 1547 422 1577 domini
443 1547 482 1577 ad
498 1547 627 1576 minima
643 1547 737 1577 etiam
752 1547 863 1577 attenti
879 1547 992 1581 dicitis.
1008 1557 1109 1586 neque
1126 1557 1183 1585 ego
1197 1558 1305 1578 servus

44 1589 152 1630 nego),
167 1589 219 1621 hic
238 1600 317 1630 puer
331 1595 446 1630 peccet,
465 1590 518 1629 qui
533 1590 695 1628 strigilem,
716 1600 782 1620 rem
805 1601 899 1630 prope
916 1591 1016 1627 nihili,
1033 1591 1159 1620 domino
1175 1591 1305 1628 furatus,

43 1635 102 1670 ub
117 1640 238 1666 noctem
255 1634 347 1664 domo
363 1633 454 1664 herili
469 1635 547 1664 clam
563 1643 704 1672 egressus
721 1635 805 1673 apud
825 1634 999 1673 pomarium
1016 1644 1085 1664 cum
1102 1635 1162 1664 uva
1178 1644 1304 1673 permu-

45 1681 101 1713 ta.
117 1682 151 1708 ut
165 1678 260 1709 semel
275 1678 413 1716 palatum
429 1678 572 1713 oblectet,
591 1685 699 1707 contra
721 1687 831 1716 expers
855 1678 955 1716 culpae
977 1678 1096 1708 servilis
1112 1683 1168 1714 est,
1184 1678 1238 1717 qui
1255 1678 1303 1709 vel

44 1729 102 1753 ma
130 1720 247 1760 praedia
271 1726 400 1759 paterna
422 1721 538 1758 vendit,
562 1726 595 1751 ut
617 1722 698 1758 gulae
720 1721 927 1752 satisfaciat?
970 1722 1017 1752 De
1044 1727 1155 1751 constr.
1186 1731 1213 1752 v.
1241 1732 1305 1752 mu-

45 1767 112 1799 tare
133 1763 187 1794 cfr.
213 1764 272 1795 Od.
299 1763 328 1800 l,
352 1763 400 1800 17,
428 1764 458 1794 2.
482 1764 513 1801 3,
540 1764 567 1799 l,
590 1764 641 1800 47.
667 1765 768 1803 Epod.
793 1764 821 1801 l,
844 1765 894 1795 28.
916 1766 946 1800 9,
969 1762 1198 1805 28.-[ἰεοαηι
1223 1763 1304 1805 esse]

43 1805 56 1823 ‘
69 1806 199 1847 σεαυτῷ
220 1806 389 1838 συνεῖναιι
410 1817 450 1837 ne
472 1817 527 1846 per
545 1817 638 1837 unam
655 1808 781 1846 quidem
805 1808 912 1838 horam
933 1808 1100 1847 tranquille
1116 1814 1218 1838 tecum
1234 1818 1303 1838 ver-

46 1849 111 1884 nari
131 1856 163 1880 et
185 1850 252 1880 sine
273 1851 422 1880 continua
443 1850 538 1880 animi
561 1851 728 1888 agitatione
751 1851 895 1882 meditari
915 1858 1002 1891 potes
1026 1852 1202 1891 sapientum
1226 1862 1306 1890 prae-

43 1893 155 1934 cepta!
166 1910 211 1915 —-
227 1891 327 1934 [erro]
345 1894 470 1933 Ulpian.
488 1894 557 1933 Dig.
573 1894 626 1933 21,
639 1894 668 1930 l,
682 1893 730 1931 17,
747 1895 922 1925 Erronem
938 1897 982 1925 sic
997 1896 1161 1934 definimus,
1178 1897 1230 1935 qui
1245 1905 1303 1925 non

44 1937 166 1978 'sidem
179 1935 277 1977 sugit,
292 1938 347 1968 sed
358 1935 539 1977 frequenter
554 1939 616 1968 sine
637 1940 729 1968 causa
750 1943 880 1978 vagatur
903 1944 933 1970 et
955 1940 1136 1978 temporibus
1160 1940 1191 1968 in
1214 1940 1303 1969 rebus

43 1982 216 2061 iugulor-iis
230 1982 410 2019 consumptis
424 1982 521 2012 serius
539 1982 581 2011 ad
603 1982 751 2012 dominum
766 1983 859 2012 redit.
873 1998 917 2004 —
933 1980 1043 2022 [comes
1057 1980 1144 2022 atra]
1162 1981 1224 2012 Cfr.
1243 1982 1304 2012 Od.

96 2023 146 2060 16,
161 2023 212 2054 2¹.
236 2023 266 2058 3,
286 2023 312 2060 l.
328 2024 379 2054 39.

39 2062 229 2106 [μω-83.
255 2065 364 2107 [Unde
385 2068 459 2098 mihi
481 2068 610 2106 lapide-m
621 2066 654 2108 θ]
671 2069 812 2099 ‘sumam
835 2069 890 2099 tibi
913 2068 1115 2108 injiciendum
1128 2068 1151 2097 '2’
1175 2068 1299 2099 Davus:

43 2106 66 2154 ,ἱ
102 2109 125 2140 ii
149 2111 248 2150 opus.'
308 2110 454 2140 Imitatur
482 2111 642 2141 dominum
673 2113 879 2149 cerebrosum,
910 2112 942 2141 in
971 2121 1085 2147 servos,
1116 2111 1167 2141 ubi
1196 2122 1302 2142 verum

43 2188 45 2190 ,
130 2163 148 2184 e
171 2154 298 2190 audent,
324 2154 552 2184 desaevientem.
607 2155 858 2193 Languidissima
881 2161 987 2185 contra
1018 2155 1126 2188 fuisset
1155 2155 1302 2186 vitiorum

43 2196 196 2233 *lessio
219 2207 254 2228 ac
278 2197 526 2237 poenitentia.—
543 2195 705 2238 [sagittas]
731 2198 827 2230 Quasi
853 2197 1020 2237 tragoedias
1042 2204 1154 2227 movet.
1168 2214 1210 2220 —
1228 2197 1303 2239 [aut

44 2239 254 2281 „msaciss
271 2241 303 2270 id
316 2241 398 2279 quod
415 2250 452 2270 ex
468 2241 613 2279 opinione
630 2242 713 2279 vulgi
729 2247 759 2270 et
778 2242 856 2271 Davi
873 2243 1004 2273 alterum
1021 2251 1078 2271 nec
1093 2242 1189 2271 levius
1203 2252 1302 2280 genus

105 2282 246 2316 imuiae.
262 2301 305 2306 —
323 2282 370 2324 [te
386 2284 430 2314 Ni
445 2281 546 2324 rapis]
565 2283 614 2315 Sic
629 2284 707 2316 Vell.
722 2285 752 2319 2.
770 2284 822 2320 85,
838 2296 927 2325 quum
944 2296 974 2315 se
993 2285 1138 2315 Canidius
1151 2287 1305 2326 proecipiti

142 2329 294 2367 rapuisset
319 2329 361 2358 ad
385 2328 559 2358 Antonium.
607 2328 642 2357 In
671 2329 763 2367 prosa
789 2338 832 2358 or.
860 2329 1021 2358 usitatius:
1055 2333 1083 2359 te
1106 2331 1247 2368 proripis.
1263 2345 1307 2352 -

118 2405 122 2407 ,
178 2368 194 2411 ]
210 2373 220 2388 ⁶
232 2371 357 2403 Mittam
373 2377 403 2402 te
419 2377 568 2410 tanquam
590 2372 746 2444 ergqstglo
762 2371 892 2411 dignum
910 2372 941 2402 in
959 2372 1110 2402 Sabinum
1123 2382 1239 2410 meum,
1254 2372 1308 2403 ubi
