1390 2586
439 117 658 146 mns'roLA
689 117 748 144 An
782 107 984 145 insonus.
1264 106 1340 146 101

80 219 251 271 Quanto
270 219 420 262 rectius
442 219 522 269 hic,
546 219 618 275 qui
640 218 697 260 nil
720 218 886 261 molitur
907 218 1048 274 inepte
1066 234 1075 259 :
1262 223 1342 261 140

81 285 109 305 ‘⁶
128 278 211 320 Dic
231 277 342 327 mihi,
371 277 507 325 Musa,
531 278 676 325 virum,
701 285 831 332 cuptae
852 285 944 332 post
965 285 1150 331 tempora
1172 276 1329 334 Trojae,

80 335 167 386 Qui
190 350 320 377 mores
341 335 553 376 hominum
577 334 797 376 multorum
820 335 922 376 vidit
943 343 985 375 et
1008 334 1168 376 urbes.’'

80 393 175 436 Non
197 393 354 434 fumum
376 408 427 434 ex
450 393 625 449 fulgore,
649 392 719 434 sed
742 407 794 433 ex
816 393 928 433 fumo
949 392 1045 433 dare
1067 392 1203 434 lucem

80 450 260 506 Cogitat,
283 459 329 492 ut
348 451 532 507 speciosa
553 450 703 491 dehinc
725 450 919 491 miracula
941 459 1113 504 promat,

78 509 350 565 Antiphaten,
393 508 675 565 Scyllamque,
718 517 760 550 et
800 523 892 549 cum
927 507 1115 564 Cyclope
1149 507 1341 563 Charyb-

189 565 287 614 din3
1261 569 1340 607 145

77 622 170 666 Nec
189 623 366 665 reditum
391 623 609 665 Diomedis
628 623 680 665 ab
701 622 870 664 interitu
896 621 1119 680 Meleagri,

79 680 170 723 Nec
188 682 357 738 gemino
380 681 531 723 bellum
556 681 786 736 Trojanum
808 681 964 722 orditur
984 681 1035 721 ab
1057 696 1134 722 ovo
1155 697 1166 731 ;

78 739 253 795 Semper
272 738 323 780 ad
345 748 540 780 eventum
562 739 740 788 festinat,
765 748 807 780 et
828 738 867 779 in
892 735 1045 780 medias
1067 755 1144 789 res,

77 795 172 838 Non
195 811 312 838 secus
333 812 381 838 ac
401 804 530 846 notas,
553 797 782 838 auditorem
805 797 924 852 rapit,
949 806 990 838 et
1011 811 1105 852 quae

75 853 287 909 Desperat
308 863 476 896 tractata
498 855 699 895 nitescere
722 869 854 910 posse,
878 854 1102 909 relinquit;
1258 857 1339 896 150

76 911 220 967 Atque
241 912 297 954 ita
318 911 526 962 mentitur,
550 912 608 953 sic
630 912 736 953 veris
758 911 857 953 falsa
878 912 1081 962 remiscet‚

79 968 220 1011 Primo
241 985 293 1011 ne
314 970 509 1018 medium,
533 970 669 1011 medio
691 985 744 1011 ne
765 969 971 1025 discrepet
994 970 1135 1012 imum.

133 1026 217 1077 Tu,
240 1027 339 1083 quid
361 1042 440 1083 ego
459 1036 502 1069 et
522 1028 699 1083 populus
721 1042 883 1068 mecum
905 1027 1126 1081 desideret,
1146 1028 1254 1070 audi.

77 1083 122 1126 Si
144 1084 343 1140 plausoris
363 1100 464 1141 eges
483 1085 613 1127 aulaea
634 1086 851 1135 manentis,
875 1093 917 1126 et
940 1100 1070 1141 usque

78 1141 253 1192 sessuri,
276 1142 408 1184 donec
428 1153 570 1185 cantor
593 1143 670 1185 Vos
683 1144 867 1198 plaudite
889 1143 1020 1192 dicat3
1260 1146 1339 1184 155

75 1198 234 1242 AEtatis
254 1201 455 1256 cujusque
478 1201 646 1242 notandi
669 1209 765 1242 sunt
786 1200 860 1243 tibi
881 1215 1030 1250 mores,

77 1257 393 1313 Mobilibusque
415 1258 537 1299 decor
558 1259 713 1300 naturis
733 1258 891 1300 dandus
914 1267 956 1300 et
976 1258 1108 1299 annis.

79 1313 272 1356 Reddere
293 1315 366 1371 qui
387 1330 507 1356 voces
522 1316 608 1371 jam
630 1316 707 1357 scit
726 1331 830 1371 puer
850 1325 892 1357 et
912 1316 1018 1371 pede
1039 1324 1153 1357 certo

79 1372 228 1427 Signat
249 1372 432 1422 humum,
460 1373 587 1430 gestit
608 1374 773 1428 paribus
795 1373 1016 1423 colludere,
1041 1383 1084 1415 et
1104 1373 1206 1415 iram

80 1429 254 1486 Colligit
273 1445 320 1471 ac
341 1431 458 1486 ponit
480 1440 647 1480 temere,
672 1439 714 1473 et
734 1440 915 1473 mutatur
936 1431 977 1472 in
1002 1431 1132 1473 horas.
1261 1433 1340 1472 160

78 1485 294 1528 Imberbus
309 1488 490 1543 juvenis,
514 1488 677 1530 tandem
700 1489 869 1530 custode
890 1498 1062 1538 remoto,

78 1544 247 1587 Gaudet
267 1545 384 1601 equis
405 1546 659 1602 canibusque
681 1555 723 1588 et
743 1546 869 1602 aprici
891 1547 1078 1603 gramine
1100 1546 1254 1603 eampi;

79 1601 238 1644 Cereus
259 1602 300 1644 in
323 1603 467 1644 vitium
490 1603 614 1653 flecti,
639 1604 911 1645 monitoribus
932 1620 1064 1661 asper,

79 1658 259 1701 Utilium
281 1661 420 1703 tardus
440 1661 636 1716 provisor,
661 1662 858 1718 prodigus
880 1661 984 1711 aeris,

81 1716 291 1768 Sublimis,
309 1718 578 1774 cupidusque,
598 1730 641 1760 et
660 1729 795 1761 amata
815 1720 1050 1775 relinquere
1072 1718 1235 1776 pernix.
1261 1722 1341 1760 165

79 1773 301 1816 Conversis
321 1776 466 1818 studiis
485 1786 584 1818 aetas
603 1777 848 1833 animusque
871 1777 1000 1819 virilis

79 1830 244 1881 Quaerit
264 1847 364 1888 opes
385 1842 427 1875 et
446 1834 658 1884 amicitias,
683 1835 855 1877 inservit
876 1835 1034 1884 honori,

80 1888 346 1932 Commisisse
368 1899 484 1932 cavet
505 1893 613 1947 quod
637 1908 731 1934 mox
753 1903 911 1934 mutare
933 1893 1103 1934 laboret.

80 1946 221 1988 Multa
240 1963 381 1988 senem
405 1949 734 1992 circumveniunt
754 1950 1025 2000 incommoda,
1051 1950 1115 1991 vel
1139 1948 1250 2005 quod

80 2004 258 2054 Quaerit,
282 2014 324 2047 et
345 2006 525 2048 inventis
546 2008 668 2048 miser
688 2008 882 2061 abstinet,
903 2024 951 2050 ac
972 2009 1090 2050 timet
1114 2008 1196 2056 uti3
1262 2010 1343 2049 170

80 2061 159 2103 Vel
181 2063 292 2118 quod
314 2078 378 2104 res
399 2078 542 2105 omnes
564 2065 704 2106 timide
726 2066 950 2122 gelideque
972 2065 1189 2115 ministrat,

77 2117 258 2170 Dssator,
280 2135 354 2176 spe
377 2121 538 2175 longus,
561 2123 684 2172 iners,
706 2123 933 2179 avidusque
955 2123 1096 2172 futuri,

79 2175 285 2227 Difficilis,
309 2179 520 2234 queruluS‚
545 2180 727 2222 laudator
749 2182 944 2237 temporis
966 2181 1046 2221 acti

81 2234 136 2276 Se
158 2250 300 2291 puero,
324 2236 544 2293 castigator
566 2252 794 2294 censorque
815 2239 1034 2279 minorum.

82 2290 221 2334 Multa
240 2293 380 2335 ferunt
399 2295 497 2335 anni
518 2295 733 2337 venientes
754 2296 968 2337 commoda
988 2310 1142 2345 secum,
1268 2298 1345 2337 175

83 2347 221 2392 Multa
241 2351 482 2394 recedentes
503 2353 703 2394 adimunt.
767 2353 833 2395 Ne
855 2354 959 2395 forte
981 2353 1131 2395 seniles

674 2424 698 2451 F
719 2414 747 2452 3
