1390 2586
134 126 215 169 142
563 128 929 159 INTERPRETATIO.
1266 130 1370 172 [sus

134 227 259 257 Garrire
270 230 372 256 autem
389 231 434 255 est
448 235 586 256 sermone
599 227 785 265 quotidiano,
797 227 928 265 eleganti
943 227 1077 267 quidem,
1091 228 1146 258 sed
1160 228 1249 267 facili,
1264 231 1310 260 uti
1324 231 1357 261 in

131 269 354 299 conscribendis
371 269 490 298 fabulis.
1383 299 1386 301 Α

173 311 307 341 42-44.
332 310 504 350 [Fundani]
530 311 563 340 C.
582 311 759 341 Fundanius
782 312 1047 350 praestantissimus
1071 318 1160 351 poeta
1181 314 1312 344 comicus
1327 319 1359 345 et

132 353 309 383 Maecenatis
338 354 451 382 amicus
481 354 558 390 (Sat.
580 355 609 388 2,
632 354 661 388 3,
687 354 749 393 19.)
781 360 853 383 tunc
882 355 1046 384 excellebat
1075 355 1108 384 in
1136 357 1290 386 comoediis
1319 358 1359 387 ad

133 396 306 431 Menandri,
331 396 526 430 Philemonis,
551 396 667 434 Diphili
691 397 830 435 exempla
853 398 1077 435 componendis,
1098 398 1129 426 in
1152 399 1261 436 quibus
1282 409 1359 438 prae-

131 439 228 476 cipuae
244 444 344 476 partes
362 443 448 467 erant
470 438 647 467 callidarum
672 439 931 468 meretricularum
953 445 1182 478 astutorumque
1203 451 1359 471 servorum

132 490 218 510 senes
242 479 673 519 emungentium—[Pollio]
705 482 737 510 C.
764 481 887 510 Asinius
917 481 1021 516 Pollio,
1050 488 1159 518 orator,
1188 483 1358 520 historicus,

131 528 222 561 poeta
243 523 383 560 tragicus.
428 523 463 551 V.
482 523 538 551 Od.
554 524 582 559 2,
599 523 626 552 1.
638 539 680 544 —
693 521 783 562 [pede
806 527 851 552 ter
869 522 1022 563 percusso]
1047 525 1066 540 ‘⁴
1077 525 1239 562 Tragoedia
1254 526 1359 556 trime-

132 565 186 594 tris
207 565 344 594 versibus
363 563 518 603 (senariis)
543 565 604 594 fere
627 565 770 595 texitur.'’
796 566 900 596 Comm.
921 567 1008 605 Cruq.
1054 567 1180 596 Tibicen
1202 573 1304 597 autem
1325 568 1358 597 in

132 607 260 645 singulis
276 608 405 645 dipodiis
421 608 497 645 pede
512 617 653 645 percusso
670 617 812 637 numeros
837 607 899 646 (the
914 607 1058 647 measure)
1082 608 1255 645 indicabat3
1278 611 1358 640 unde

127 651 279 688 percussio
294 650 375 678 idem
398 656 490 687 atque
510 650 597 685 ictus,
620 650 759 689 κροῦσις.
773 666 815 671 --
830 648 931 690 [acer]
949 653 956 666 ‘
967 651 1218 692 fervidus‚'fiery.
1251 652 1285 682 1..
1299 653 1360 682 Va-

131 692 194 721 rius
219 691 292 730 (Od.
310 692 336 727 l,
354 692 384 727 6,
404 692 446 730 l.)
470 702 590 721 carmen
606 692 724 730 epicum
740 693 777 721 de
794 693 920 722 Caesaris
935 698 1031 722 morte
1046 699 1076 722 et
1093 694 1312 732 Panegyricum
1326 695 1360 725 in

133 735 331 764 Octavianum
351 741 576 772 composuerat;
601 735 765 773 Thyestem
787 740 858 764 tunc
878 736 1013 764 nondum
1028 735 1148 765 videtur
1167 737 1361 766 edidisse.—

133 775 249 816 [ducit]
267 776 351 814 quasi
368 787 385 805 a
401 777 510 806 nendo.
535 777 611 815 Epp.
628 778 657 812 2,
676 777 702 812 l,
718 778 787 813 225,
803 779 884 807 lentii
899 779 1025 807 deducta
1036 780 1239 816 poematafilo.

173 819 308 849 45—49.
333 817 494 858 [Virgilio]
517 820 566 856 qui
592 825 663 848 tunc
685 819 822 848 ediderat
846 819 986 849 Bucolica.
1007 826 1038 849 et
1053 821 1210 858 Georgica,
1226 820 1360 851 AEneida

131 861 163 890 in
180 862 319 890 manibus
335 862 474 890 habebat.
517 861 581 890 Illis
596 861 701 890 tribuit
715 861 835 891 dicendi
855 871 950 899 genus
972 863 1055 892 molle
1078 861 1244 902 (tenerum)
1267 870 1359 902 atque

123 902 258 942 facetum
280 903 466 941 (venustum,
478 902 629 942 graceful)
647 903 791 936 Quinctil.
807 904 836 940 6,
852 904 881 936 3.
896 905 947 938 20,
962 905 1066 935 Face
1077 909 1152 934 tum
1173 915 1282 945 quoque
1303 916 1360 936 mm

132 950 246 976 tantum
266 948 346 976 circa
370 947 498 976 ridicula
523 948 624 984 opinor
647 948 811 976 consistere.
856 947 959 986 Neque
983 948 1058 976 enim
1083 948 1195 977 diceret
1214 948 1360 979 Horatius

122 986 323 1027 facetum
351 990 490 1018 carminis
516 999 609 1027 genus
636 991 746 1018 natura
774 999 935 1019 concessum
964 999 1025 1019 esse
1057 990 1190 1028 Virgilio.
1234 991 1360 1020 Decor-is

131 1033 207 1060 hanc
222 1033 316 1070 magis
331 1035 360 1060 et
382 1032 505 1060 ea'cultae
525 1030 679 1070 cujusdam
701 1032 856 1070 elegantioe
873 1032 1096 1070 appellationem
1113 1036 1247 1070 puto.—
1261 1031 1360 1072 [Var-

131 1072 217 1112 rone]
243 1075 273 1103 P.
292 1073 452 1102 Terentius
468 1074 563 1102 Varro
584 1073 729 1102 Atacinus
755 1073 807 1108 (ab
831 1074 934 1110 Atace,
956 1073 1063 1102 Galliae
1086 1074 1292 1104 Narbonensis
1312 1073 1360 1113 fl.)

133 1123 164 1145 A.
192 1124 222 1144 υ.
250 1124 278 1145 c.
305 1115 479 1150 672—717.
525 1116 740 1153 Argonautica,
769 1116 962 1145 laudabiliter
990 1116 1185 1154 Apollonium
1211 1115 1359 1154 imitatus,

132 1167 253 1187 carmen
283 1159 320 1187 de
351 1159 476 1186 Caesaris
505 1158 583 1186 bello
615 1157 807 1196 Aquitanico.
837 1157 959 1195 elegias,
996 1159 1103 1187 satiras
1131 1159 1360 1197 conscripserat.

132 1201 278 1232 Quinctil.
297 1200 344 1235 10,
361 1200 387 1234 l,
404 1200 455 1234 87.
468 1216 507 1221 —
522 1198 635 1239 [Atque
656 1201 829 1239 quibusdam
849 1199 933 1239 aliis]
958 1201 1041 1232 Quos
1064 1201 1215 1238 significet
1236 1202 1359 1240 ignora-

131 1252 210 1276 mus,
225 1243 349 1272 fortasse
366 1243 496 1271 Saevium
512 1243 707 1279 Nicanorem,
729 1243 819 1271 Sullae
834 1244 991 1280 aequalem,
1008 1243 1017 1259 ‘
1028 1244 1079 1282 qui
1092 1245 1215 1273 satiram
1229 1245 1359 1282 scripsit,

132 1286 163 1314 in
188 1288 247 1324 qud
270 1286 406 1314 libertum
429 1295 459 1314 se
482 1285 635 1314 indicabat
650 1283 750 1324 (Suet.
767 1285 901 1314 Gratum.
917 1284 974 1321 5.)’
991 1289 1020 1314 et
1041 1285 1115 1314 alios
1139 1295 1208 1315 suos
1228 1287 1361 1324 aequales

131 1330 218 1357 nobis
234 1328 412 1366 ignotos.—
425 1325 626 1366 [Haerentem]
653 1327 697 1356 ‘ei
718 1327 828 1356 merito
848 1327 990 1362 debitam,
1006 1327 1082 1357 adeo
1097 1334 1140 1364 ut,
1158 1337 1195 1357 ne
1211 1328 1235 1358 si
1250 1329 1360 1358 vellem

132 1371 266 1408 quidem.
280 1379 349 1398 eum
366 1370 421 1398 hac
437 1370 525 1398 laude
541 1369 669 1408 spoliare
685 1369 823 1407 possem-⁵

174 1413 308 1442 50-55.
335 1410 459 1451 [fluere]
494 1412 555 1441 Sat.
580 1411 607 1447 l,
634 1411 665 1447 4,
691 1411 739 1446 ll,
767 1411 926 1441 ‘torrentis
947 1411 1043 1441 instar
1064 1422 1167 1442 secum
1188 1412 1361 1442 trahentem

130 1455 220 1494 plura
242 1455 366 1493 quidem
392 1455 557 1483 recidenda
579 1453 756 1483 servandis.’
771 1470 813 1475 —-
831 1452 964 1493 [doctus]
994 1454 1156 1484 ‘criticus.’
1201 1455 1360 1493 Ejusmodi

130 1497 381 1535 reprehensiones
399 1497 523 1525 Homeri
539 1506 579 1525 ex
594 1496 696 1526 schola
709 1496 982 1525 Grammaticorum
998 1496 1272 1526 Alexandrinorum
1289 1507 1362 1536 pro-

130 1540 218 1569 fectae
232 1540 401 1577 complures
418 1539 615 1568 inveniuntur
636 1538 668 1567 in
691 1538 818 1567 Scholiis
835 1538 967 1567 Venetis.
983 1554 1025 1559 ——
1042 1537 1160 1578 [comis]
1178 1539 1306 1569 refertur
1321 1540 1360 1570 ad

131 1581 214 1611 illam
231 1582 324 1611 animi
344 1581 520 1618 bonitatem,
536 1590 626 1619 quam
649 1581 758 1609 merito
780 1581 812 1608 in
831 1590 866 1609 eo
881 1581 985 1610 laudat
1001 1581 1061 1610 Sat.
1077 1582 1106 1617 2,
1124 1581 1151 1618 l,
1166 1581 1207 1611 30
1223 1591 1306 1619 seqq.
1317 1598 1361 1606 —q

134 1623 260 1663 [mutat]
294 1624 496 1653 ‘mutandum
530 1633 552 1652 s.
583 1622 794 1660 corrigendum
824 1623 930 1652 suadet
958 1624 989 1652 in
1015 1623 1048 1652 L.
1072 1623 1158 1652 Accii
1182 1623 1359 1662 tragoediis!

132 1667 239 1696 ‘ldem
258 1666 411 1701 Lucilius,’
435 1664 545 1703 inquit,
566 1665 709 1694 ‘minime
730 1665 859 1694 abstinet
874 1675 892 1694 a
910 1665 1084 1694 deridendis
1107 1665 1200 1694 Ennii
1223 1666 1361 1696 versibus

131 1709 234 1738 minus
263 1709 404 1747 gravibus
430 1717 522 1746 quam
548 1707 664 1745 reliqua
690 1708 754 1745 ejus
778 1713 808 1736 et
834 1707 958 1736 omnino
984 1707 1061 1746 epici
1084 1707 1203 1746 generis
1229 1708 1361 1746 dignitas

131 1751 269 1789 requirit,
286 1756 320 1779 ut
331 1761 399 1779 cnm
415 1750 507 1779 dixit:
525 1751 567 1779 At
584 1751 654 1779 tuba
667 1750 796 1779 terribili
809 1751 906 1779 sonitu
923 1754 1113 1780 taratantara
1125 1751 1282 1780 dixin—0
1295 1751 1361 1781 Tite

133 1798 195 1824 tute
215 1795 284 1823 Tati
301 1794 356 1822 tibi
371 1797 455 1822 tanta
470 1797 593 1830 tyranne
617 1793 712 1821 tulisti
728 1792 956 1822 Domum—telo
974 1793 1134 1832 Transflgit
1155 1803 1268 1831 corpus,
1290 1803 1362 1823 saxo

132 1846 196 1866 cere
215 1837 382 1865 comminuit
406 1835 506 1864 hrum.¹
541 1834 577 1863 V.
594 1835 675 1863 Enni
697 1840 799 1863 autem
821 1835 951 1864 refertur
973 1840 1003 1864 et
1025 1836 1062 1864 ad
1079 1845 1106 1864 v·
1120 1845 1220 1865 versus
1235 1841 1264 1864 et
1279 1836 1318 1864 ad
1333 1845 1360 1866 ν.

129 1880 290 1918 gravitate.
305 1893 346 1900 —-
363 1875 508 1916 [loquitur
523 1887 579 1906 non
595 1881 627 1906 ut
642 1875 750 1916 majore
765 1875 927 1916 reprensis]
952 1878 960 1892 ‘
971 1886 1027 1907 nec
1045 1882 1146 1906 tamen
1163 1877 1296 1907 Lucilius
1318 1878 1361 1907 ita

132 1921 275 1959 loquitur,
290 1920 376 1958 quasi
392 1920 451 1948 illis
467 1921 564 1957 maj0r
583 1919 639 1952 sit:
662 1929 762 1958 neque
785 1929 840 1957 ego
863 1925 923 1948 tam
946 1929 1014 1948 sum
1035 1929 1190 1957 arrogans,
1212 1925 1255 1953 ut,
1280 1921 1362 1958 quod

132 1963 248 1993 inculta
271 1969 302 1992 et
325 1961 546 2000 negligentiora
568 1962 708 1999 quaedam
734 1962 766 1990 in
788 1962 898 1991 Lucilii
922 1962 1027 1991 Satiris
1049 1961 1125 1999 dico,
1147 1971 1195 1991 me
1217 1961 1261 1991 illi
1283 1971 1362 2001 prae-

132 2005 248 2035 feram.’

176 2048 227 2084 57,
242 2048 293 2077 58.
311 2045 394 2085 [num
409 2044 504 2085 illius]
522 2047 530 2061 ‘
541 2056 614 2075 num
629 2045 710 2075 illius
725 2046 881 2084 ingenium
894 2056 928 2076 ac
943 2046 1068 2076 facultas
1082 2045 1200 2085 poetica
1214 2055 1275 2075 non
1291 2046 1363 2076 satis

133 2091 266 2128 benigna
289 2090 449 2127 minusque
473 2093 543 2126 apta
566 2089 605 2117 ad
627 2089 753 2127 pulchra
775 2094 914 2127 poemata
936 2089 1248 2127 componendaLnum
1271 2098 1362 2127 argu-

133 2139 305 2162 mentorum
326 2132 460 2170 ipsorum
484 2131 614 2159 difficilis
635 2136 725 2168 atque
748 2131 867 2168 ingrata
886 2136 996 2160 natura
1017 2130 1049 2160 in
1071 2131 1161 2160 causa
1185 2130 1285 2166 fuerit,
1309 2138 1363 2160 cur

133 2180 196 2204 tam
219 2177 337 2204 scabros
354 2183 456 2203 versus
472 2173 594 2202 fuderit.
640 2174 790 2202 Neutrum
812 2173 961 2212 profecto:
986 2173 1074 2212 culpa
1095 2172 1185 2211 hujus
1207 2173 1250 2202 rei
1273 2173 1362 2203 unice

134 2217 328 2255 negligentiae
346 2216 454 2245 Lucilii
471 2216 631 2244 tribuenda
646 2222 707 2244 est:
731 2225 802 2244 nam
825 2221 855 2245 et
877 2215 1000 2254 ingenio
1021 2215 1126 2250 valuit,
1147 2219 1178 2244 et
1200 2214 1306 2244 festiva
1327 2225 1362 2245 ac

133 2260 235 2298 lepida
250 2264 429 2297 argumenta
445 2257 601 2287 tractavit!
617 2273 660 2279 —
676 2255 899 2297 [Num—num]
924 2258 984 2287 duo
999 2258 1064 2286 haec
1078 2258 1213 2286 membra
1229 2255 1262 2287 ἐκ
1278 2267 1362 2296 παρ-

136 2299 286 2338 αλλήλου
309 2302 406 2340 posita
428 2307 507 2335 sunt,
529 2310 628 2338 neque
650 2309 721 2329 vero
744 2306 955 2339 opponuntur;
987 2309 1132 2338 suamque
1155 2299 1266 2328 retinet
1291 2309 1363 2338 par-

137 2345 231 2375 ticula
252 2344 324 2380 vim,
351 2349 384 2374 ut
406 2343 528 2382 negatio
554 2347 754 2382 exspectetur.
791 2343 840 2372 Sic
855 2343 939 2381 Virg.
954 2342 1028 2373 AEn.
1041 2341 1071 2379 7,
1086 2342 1157 2379 294,
1178 2352 1246 2372 num
1268 2343 1364 2382 Sigeis
