1390 2586
52 97 126 137 m.
141 98 179 123 11.
195 87 243 132 2]
496 87 870 118 mmnpassmmo.
1234 86 1313 130 153

59 195 147 226 md
165 193 281 227 dubiaf
303 189 356 230 qui
383 189 590 219 Terentianus
616 194 662 219 est
681 189 780 228 jocus.
825 188 950 219 Phorm.
975 188 1005 225 2,
1029 188 1059 223 2,
1084 188 1135 224 28,
1159 189 1195 218 Ρ.
1219 189 1313 220 Coena

59 236 155 268 dubia
178 235 345 276 appom’tur.
383 233 419 263 G.
448 233 530 266 Quid
555 234 633 263 istuc
657 233 739 263 verbi
762 233 835 263 est?
866 232 902 262 P.
939 232 998 262 Ubi
1023 236 1056 262 tu
1083 233 1212 268 dubites,
1236 234 1311 272 quid

57 289 159 313 ennae
166 279 359 319 paeisaeffmum.
371 293 415 298 --
425 274 636 316 [proegravat]
654 278 662 292 ‘
673 285 767 306 onere
779 285 835 305 suo
846 275 1059 314 deprimitl—
1067 273 1197 315 [affigit]
1215 277 1307 306 ‘adeo

59 328 95 354 nt
115 331 203 354 mens
223 321 364 351 hebetata
385 329 441 349 suo
464 319 563 349 officio
586 319 672 357 fungi
693 323 837 358 nequeat,
858 320 950 348 rebus
965 318 1077 348 vilibus
1097 319 1186 358 quasi
1201 318 1308 348 adhae-

58 361 498 405 rem'—-[dt'm‘nae—auroe]
534 362 798 402 Pythagoreorum
820 367 852 392 et
875 361 1046 391 Stoicorum
1073 362 1132 391 fuit
1157 362 1306 398 doctrina,

59 417 117 442 no·
127 418 166 440 et
177 409 314 439 universa
329 411 424 437 mente
439 408 541 436 divind
555 407 701 436 delibatos
715 407 828 436 animos
844 406 964 442 habere,
981 410 1015 435 ut
1030 405 1074 435 ait
1089 406 1153 436 Cic.
1164 406 1238 436 Cat.
1253 405 1305 436 21.

57 448 206 492 -[d⁸'eto
228 448 333 490 citius]
361 451 507 489 ‘corpore
533 449 713 478 brevissima
736 450 825 479 coena
847 448 960 479 refecto
988 449 1091 478 statim
1119 449 1257 479 cubitum
1281 450 1306 478 it

58 504 158 535 neque
172 494 206 524 in
224 500 345 524 noctem
366 493 524 532 potatl—
537 491 754 533 [praescripta]
782 492 841 522 ‘ad
863 491 1049 523 necessarias
1073 492 1248 523 functiones
1271 502 1306 522 ac

56 537 146 570 tolita
159 537 229 567 vitae
243 537 431 576 quotidianae
446 536 565 566 officia)
598 537 694 566 Schol-

97 580 232 616 82—87.
258 578 438 621 [quondam]
465 581 473 596 ‘
483 586 566 609 certo
581 583 728 618 tempore,
746 588 802 608 suo
817 578 976 618 tempore.’
1000 578 1085 616 Virg.
1100 579 1172 609 AEn.
1185 580 1215 615 2,
1231 578 1306 615 367,

162 634 210 654 am
231 625 323 654 etiam
344 625 432 654 victis
455 624 536 654 redit
556 624 587 653 in
605 623 778 662 praecordia
796 623 901 653 virtus.
948 621 1010 652 Alii
1035 621 1138 652 minus
1163 629 1304 652 accurate

53 665 313 707 Interpretantu13
330 668 338 682 ‘
349 667 527 705 aliquando,
536 665 713 695 interdum.’
724 682 767 686 —
778 663 966 705 [tenuatum]
992 666 1050 695 Est
1064 665 1127 695 fere
1143 671 1304 704 poetarum

53 718 109 751 pto
124 709 274 750 pedestris
289 720 333 740 or.
350 712 358 726 ⁴
370 715 575 745 attenuatum,
596 709 820 739 extenuatum!
831 725 875 730 ——
890 707 1030 748 [ubique]
1055 710 1063 724 ‘
1074 715 1104 738 et
1119 710 1193 739 ubi!
1230 709 1303 739 Sine

53 754 146 785 eausa
164 754 264 784 Bentl.
284 753 397 783 Heind.
413 754 520 787 ubivm
543 762 613 782 nam
631 752 688 782 hoc
702 758 820 782 certum
836 758 893 788 est,
918 751 956 782 ad
973 752 1143 782 molliorem
1159 752 1254 782 vitam
1270 753 1304 782 in

51 803 210 828 senectute
230 797 455 827 transeundum
477 805 553 832 esse,
578 795 780 835 hypothetica
793 805 866 825 vero
887 795 950 831 illa,
974 795 1220 826 anniversarium
1241 796 1303 825 sol-

51 839 155 871 lemne
167 840 324 870 interdum
335 839 444 876 redire,
457 839 622 879 aliquando
633 849 744 878 corpus
755 849 792 868 ex
798 844 959 869 tenuatum
974 849 1049 869 esse.
1058 855 1100 861 —-
1109 837 1301 879 [praesumis]

53 884 144 914 ‘ame
158 888 279 923 tempus
292 883 398 920 sumis,
414 880 687 924 προλαμβάνεις,’
720 882 770 912 Sic
783 884 947 922 praecipere
963 890 993 912 et
1003 893 1186 922 praesumere
1201 884 1304 923 volup-

54 930 146 963 tatem
161 926 348 966 homonyma
363 927 445 966 apud
461 927 565 956 Senec.
583 927 621 956 de
639 927 728 956 Brev.
745 936 772 955 v.
788 927 818 956 5.

95 969 231 1002 89—93.
255 968 456 1010 [aeneidum]
483 970 681 999 Proverbium
706 969 764 999 hoc
783 975 923 999 veterum
944 970 1127 1000 rusticorum
1145 971 1304 1000 Romano-

53 1022 124 1044 rum
138 1013 232 1044 fuisse
247 1013 380 1050 videtur,
402 1013 558 1043 rancidam
583 1011 705 1051 (leviter
718 1011 894 1052 putentem)
911 1022 1082 1051 aprugnam
1099 1013 1163 1043 sive
1178 1013 1302 1043 suillam

52 1056 168 1087 recenti
191 1057 300 1087 melius
322 1066 438 1096 sapere.
452 1073 493 1078 —-
507 1054 676 1097 [vitiatum]
705 1057 823 1086 tainled
834 1067 846 1090 ‚·
871 1056 953 1096 high.
979 1057 1154 1096 Opponitur
1175 1058 1304 1096 integer,

53 1099 199 1135 ‘reeens,’
237 1110 299 1130 non
331 1101 339 1116 ‘
353 1099 455 1130 totus.'
467 1116 510 1121 —
523 1097 733 1140 [commodius]
766 1106 953 1138 quapropter
980 1100 1130 1138 quamdiu
1159 1105 1305 1139 poterant

49 1145 249 1174 reservabant
260 1143 428 1183 porcinam,
439 1148 474 1173 ut
484 1153 604 1182 semper
616 1148 696 1173 esset
710 1143 742 1172 iri
758 1152 850 1182 penu,
865 1143 948 1181 quod
962 1143 1076 1182 hospiti
1092 1143 1304 1183 inexspectato

50 1191 266 1226 apponeretur.
280 1203 323 1208 —
339 1185 474 1227 [Hos—
485 1184 619 1226 Heroas]
659 1185 781 1216 Festive
810 1186 854 1216 sic
881 1192 968 1215 vocat
997 1187 1142 1225 antiquos
1171 1187 1301 1216 rusticos

51 1229 219 1266 Romanos,
240 1236 274 1260 ut
290 1229 374 1268 Virg.
393 1230 503 1260 Moret.
518 1229 560 1260 60
575 1230 615 1260 de
631 1230 748 1260 Simulo
761 1242 769 1266 ;
793 1230 877 1270 Ergo
892 1231 984 1260 aliam
1003 1231 1126 1260 molitur
1145 1241 1228 1270 opem
1242 1231 1302 1261 sibi

46 1274 192 1313 prouidus
205 1274 299 1304 heros.

95 1315 231 1352 94-97.
256 1315 340 1357 [Das
354 1314 488 1356 aliquid]
515 1317 524 1332 ‘
538 1316 570 1346 Si
593 1317 681 1346 famae
702 1315 820 1354 aliquid
843 1316 1042 1346 tribuendum
1058 1327 1124 1346 esse
1139 1317 1301 1347 existimas

52 1357 131 1399 (qua
147 1359 184 1389 de
201 1369 233 1389 re
248 1359 375 1389 minime
390 1358 526 1399 dubito),
544 1359 619 1390 scito
634 1359 790 1389 luxuriem
809 1359 865 1389 tibi
880 1360 1013 1390 dedecus
1029 1361 1191 1390 allaturam
1213 1361 1302 1391 esse.’

52 1402 145 1439 Scito,
166 1404 211 1433 sic
225 1407 322 1434 teneto
336 1412 416 1442 saepe
432 1402 476 1433 ita
489 1403 674 1442 cogitatione
690 1403 896 1441 supplendum
913 1408 968 1432 est.
979 1420 1023 1425 —
1035 1401 1300 1444 [qua—occupet]

53 1445 292 1485 CouJunctivum
310 1446 442 1486 praetuli,
466 1456 562 1485 quum
584 1446 700 1486 optime
723 1446 767 1476 sic
789 1446 978 1485 explicetur:
1005 1448 1131 1486 ‘utpote
1155 1457 1224 1486 quae
1249 1457 1300 1478 oc-

52 1489 164 1529 cupet,’
184 1489 217 1519 id
239 1494 294 1527 est,
315 1489 417 1526 ‘ideo,
441 1490 523 1528 quod
546 1490 694 1529 occupat!
740 1489 799 1519 Per
824 1489 1027 1519 indicativum
1053 1490 1088 1520 fit
1110 1491 1195 1520 locus
1219 1500 1304 1521 com-

51 1532 164 1563 munis.
177 1529 407 1573 —[patruum]
431 1543 563 1572 quorum
583 1533 730 1563 severitas
753 1532 785 1562 in
810 1532 972 1572 proverbio
990 1540 1066 1564 erat.
1111 1534 1174 1563 Cfr.
1195 1534 1257 1565 Od.
1270 1533 1301 1571 3,

54 1574 105 1612 12,
119 1575 151 1612 3,
166 1575 292 1607 Patruae
306 1577 429 1607 verbera
445 1577 565 1617 linguae.
600 1577 662 1606 Sat.
679 1577 709 1611 2,
725 1576 755 1612 3,
774 1575 824 1611 87.
837 1593 880 1597 -
893 1575 1059 1617 [iniquum]
1086 1577 1226 1607 ‘tibimet
1240 1576 1298 1617 ipsi

51 1619 201 1655 exosum,'
217 1625 251 1649 ut
265 1620 347 1659 apud
365 1619 427 1650 Cic.
443 1630 524 1659 saepe
540 1621 639 1660 iniqui
654 1621 710 1650 mei
726 1619 831 1649 mitius
846 1625 892 1650 est
908 1630 1021 1649 nomen
1037 1630 1092 1659 pro
1107 1620 1251 1651 inimicis.

93 1662 249 1694 99—102.
275 1660 347 1704 [As.
362 1664 461 1703 laquei
478 1661 626 1703 pretium]
653 1663 720 1693 Hoc
745 1672 869 1702 quoque
893 1663 925 1692 in
948 1663 1145 1702 proverbium
1169 1665 1296 1694 abierat.

51 1703 180 1735 Lucian.
197 1706 276 1736 Tim.
292 1707 344 1742 20,
359 1703 444 1748 Ἐγὼ
460 1703 492 1736 δὲ
508 1704 562 1736 καὶ
582 1705 732 1742 πολλοὺς
756 1704 801 1736 ἂν
825 1703 932 1736 εἰπεῖν
950 1705 1057 1747 ἔχοιμί
1073 1717 1125 1736 σοι
1139 1706 1222 1748 χθὲς
1236 1706 1299 1749 μὲν

50 1743 125 1779 οὐδὲ
148 1745 285 1788 ὀβολὸν,
310 1747 393 1779 ὥστε
416 1748 581 1790 πρίασθαι
603 1747 746 1790 βρόχον,
769 1747 962 1791 ἐσχηκότας,
986 1748 1078 1791 ἄφνω
1103 1747 1134 1780 δὲ
1157 1748 1300 1792 τὴμερον

50 1789 235 1828 πλουσίους
259 1791 314 1823 καὶ
341 1791 544 1829 πολυτελεῖς.
556 1809 600 1815 -
612 1791 792 1833 [Trausz'us]
817 1794 957 1824 decoctor
983 1794 1116 1832 ignotus.
1129 1811 1172 1816 —
1190 1793 1300 1834 [vecti-

71 1833 151 1875 alia]
176 1835 206 1865 h.
230 1833 251 1866 l.
273 1835 385 1875 privati
410 1836 535 1872 reditun,
561 1842 595 1867 ut
618 1837 675 1866 Od.
700 1837 730 1872 3,
758 1836 806 1873 16,
830 1837 881 1867 40.
907 1837 970 1867 Cic.
996 1838 1034 1866 de
1056 1837 1114 1867 Off.
1141 1838 1170 1875 2,
1196 1839 1301 1868 25.-

46 1845 211 1918 fsuperat]
235 1880 486 1918 ‘superabundat
511 1879 572 1909 tuis
597 1880 723 1910 usibus.'
756 1880 853 1910 Schol.
885 1880 950 1911 Cic.
978 1881 1086 1910 Parad.
1110 1880 1140 1916 6,
1163 1882 1193 1917 3,
1225 1882 1300 1912 Uter

51 1922 150 1962 igitur
163 1926 208 1951 est
223 1922 356 1958 divitior,
371 1923 420 1952 cui
434 1923 528 1960 deest,
543 1933 582 1953 an
597 1925 646 1953 cui
660 1927 783 1963 superat
795 1925 810 1953 ἲ

97 1963 276 2000 103—107.
300 1962 475 2005 [indignus]
507 1967 516 1982 ‘
528 1965 685 2005 indignus,
717 1966 770 2005 qui
800 1967 908 2005 egeat.'
954 1967 1052 1996 Plaut.
1084 1967 1175 1997 Cure.
1206 1966 1236 2003 4,
1266 1967 1298 2005 2,

50 2006 104 2044 2³,
133 2007 275 2047 Indignis
302 2010 330 2038 si
355 2009 432 2039 male
460 2010 583 2046 dicitur,
610 2011 687 2040 male
716 2011 830 2040 dietum
859 2011 893 2040 id
916 2020 978 2040 esse
1004 2011 1079 2040 dico.
1097 2026 1139 2032 —-
1157 2007 1301 2050 [Templa

50 2048 160 2091 ruunt]
185 2051 300 2091 quippe
315 2061 384 2090 quae
399 2061 455 2090 per
477 2052 558 2082 bella
572 2053 674 2083 civilia
694 2053 748 2082 diu
769 2053 910 2092 neglecta
925 2053 996 2084 sint.
1008 2069 1051 2075 —
1068 2051 1241 2094 [nimirum]
1266 2059 1302 2084 ut

50 2089 212 2132 δηλονότι
225 2094 358 2124 ironiam
372 2093 532 2133 significat.
544 2111 587 2117 —-
601 2093 697 2135 [recte
713 2097 917 2127 tibi—erunt
931 2095 996 2136 res]
1024 2097 1099 2126 Haec
1114 2096 1205 2126 lectio
1219 2107 1300 2137 prae-

51 2141 120 2170 mt-
144 2138 206 2168 Sat.
223 2138 254 2174 2,
270 2137 301 2174 3,
319 2137 390 2174 163,
410 2138 502 2168 Recte
517 2143 561 2169 est
576 2140 671 2178 igitur
688 2137 799 2179 (aeger)
813 2139 825 2169 i
861 2140 926 2170 Cic.
942 2141 982 2170 ad
996 2140 1083 2169 Fam.
1099 2140 1130 2176 9,
1147 2140 1177 2174 9,
1194 2143 1300 2171 rectis-

49 2180 122 2211 sime
135 2185 207 2211 sunt
220 2182 304 2220 apud
318 2185 347 2211 te
362 2183 469 2212 omnia.
481 2198 524 2203 —-
538 2179 690 2222 [Uterne]
715 2193 751 2213 ne
766 2183 984 2222 superadditur
998 2183 1243 2222 interrogationi,
1267 2190 1302 2214 ut

53 2221 116 2254 Set.
131 2224 161 2259 2,
178 2224 208 2257 3.
224 2224 288 2254 245
305 2222 432 2263 (harum
448 2223 592 2263 eclogg.),
611 2225 768 2258 Quantam
780 2227 795 2255 ?

96 2265 274 2298 loo—115.
299 2265 402 2307 [casus
424 2266 545 2308 dubios]
578 2269 666 2298 ‘vitae
692 2269 904 2305 calamitates,’
932 2275 967 2299 ut
993 2269 1051 2299 Od.
1079 2269 1109 2307 4,
1135 2270 1165 2306 9,
1194 2270 1243 2301 38.
1258 2287 1302 2293 -

55 2304 218 2351 [merit]
252 2315 260 2327 ‘
275 2311 491 2342 assuefeceriu’
537 2310 599 2341 Cfr.
625 2312 687 2342 Sat.
710 2311 738 2349 1,
762 2311 793 2348 4,
819 2310 1146 2354 loa—[superbum]
1171 2313 1304 2344 refertur

55 2350 149 2392 Qum
167 2354 207 2384 ad
223 2363 251 2384 v.
275 2359 460 2386 mentem—
474 2352 530 2395 [ln
549 2352 641 2395 pace]
667 2355 720 2384 ‘in
744 2357 835 2386 rebus
861 2356 1004 2387 secundis
1029 2366 1095 2387 sese
1122 2357 1304 2397 praepararit
