<?xml version="1.0" encoding="UTF-8"?>
<!DOCTYPE html PUBLIC "-//W3C//DTD XHTML 1.0 Transitional//EN"
    "http://www.w3.org/TR/xhtml1/DTD/xhtml1-transitional.dtd">
<html xmlns="http://www.w3.org/1999/xhtml" xml:lang="en" lang="en">
 <head>
  <title>
</title>
<meta http-equiv="Content-Type" content="text/html;charset=utf-8" />
  <meta name='ocr-system' content='tesseract 3.04.00' />
  <meta name='ocr-capabilities' content='ocr_page ocr_carea ocr_par ocr_line ocrx_word'/>
</head>
<body>
  <div class='ocr_page' id='page_1' title='image "./eclogaehoratiana02horauoft_0148.png"; bbox 0 0 1390 2586; ppageno 0'>
   <div class='ocr_carea' id='block_1_1' title="bbox 1365 0 1390 88">
    <p class='ocr_par' dir='ltr' id='par_1_1' title="bbox 1365 0 1390 88">
     <span class='ocr_line' id='line_1_1' title="bbox 1365 0 1390 88; baseline 0 0"><span class='ocrx_word' id='word_1_1' title='bbox 1365 0 1390 88; x_wconf 28' lang='lat' dir='ltr'>*i</span> 
     </span>
    </p>
   </div>
   <div class='ocr_carea' id='block_1_2' title="bbox 134 100 1390 168">
    <p class='ocr_par' dir='ltr' id='par_1_2' title="bbox 134 100 1390 168">
     <span class='ocr_line' id='line_1_2' title="bbox 134 100 1390 168; baseline -0.006 -1"><span class='ocrx_word' id='word_1_2' title='bbox 134 123 214 167; x_wconf 79' lang='lat'>140</span> <span class='ocrx_word' id='word_1_3' title='bbox 559 123 924 156; x_wconf 63' lang='lat' dir='ltr'>mmapnmamo.</span> <span class='ocrx_word' id='word_1_4' title='bbox 1264 122 1354 168; x_wconf 54' lang='lat' dir='ltr'>[aar.</span> <span class='ocrx_word' id='word_1_5' title='bbox 1387 100 1390 111; x_wconf 73' lang='grc'><em>’</em></span> 
     </span>
    </p>
   </div>
   <div class='ocr_carea' id='block_1_3' title="bbox 133 223 1365 730">
    <p class='ocr_par' dir='ltr' id='par_1_3' title="bbox 133 223 1358 424">
     <span class='ocr_line' id='line_1_3' title="bbox 133 223 1357 263; baseline 0 -8"><span class='ocrx_word' id='word_1_6' title='bbox 133 231 235 255; x_wconf 83' lang='lat' dir='ltr'>autem</span> <span class='ocrx_word' id='word_1_7' title='bbox 255 223 380 263; x_wconf 73' lang='lat' dir='ltr'>scriptor</span> <span class='ocrx_word' id='word_1_8' title='bbox 403 228 502 261; x_wconf 89' lang='lat' dir='ltr'>partes</span> <span class='ocrx_word' id='word_1_9' title='bbox 521 223 673 253; x_wconf 82' lang='lat' dir='ltr'>interdum</span> <span class='ocrx_word' id='word_1_10' title='bbox 697 224 844 254; x_wconf 84' lang='lat' dir='ltr'>sustinere</span> <span class='ocrx_word' id='word_1_11' title='bbox 868 225 958 254; x_wconf 84' lang='lat' dir='ltr'>debet</span> <span class='ocrx_word' id='word_1_12' title='bbox 977 225 1104 255; x_wconf 80' lang='lat' dir='ltr'>rhetoris</span> <span class='ocrx_word' id='word_1_13' title='bbox 1118 233 1140 254; x_wconf 80' lang='lat' dir='ltr'>s.</span> <span class='ocrx_word' id='word_1_14' title='bbox 1155 223 1280 255; x_wconf 79' lang='lat' dir='ltr'>oratoris</span> <span class='ocrx_word' id='word_1_15' title='bbox 1293 226 1357 256; x_wconf 60' lang='lat' dir='ltr'>leo»</span> 
     </span>
     <span class='ocr_line' id='line_1_4' title="bbox 134 266 1355 305; baseline 0 -8"><span class='ocrx_word' id='word_1_16' title='bbox 134 274 230 297; x_wconf 86' lang='lat' dir='ltr'>torem</span> <span class='ocrx_word' id='word_1_17' title='bbox 254 267 291 296; x_wconf 92' lang='lat' dir='ltr'>ad</span> <span class='ocrx_word' id='word_1_18' title='bbox 315 267 458 295; x_wconf 87' lang='lat' dir='ltr'>virtutem</span> <span class='ocrx_word' id='word_1_19' title='bbox 484 266 672 295; x_wconf 80' lang='lat' dir='ltr'>exhortantis</span> <span class='ocrx_word' id='word_1_20' title='bbox 696 266 914 305; x_wconf 80' lang='lat' dir='ltr'><strong>hominumque</strong></span> <span class='ocrx_word' id='word_1_21' title='bbox 941 267 1013 296; x_wconf 87' lang='lat' dir='ltr'>vitia</span> <span class='ocrx_word' id='word_1_22' title='bbox 1033 267 1141 296; x_wconf 85' lang='lat' dir='ltr'>acriter</span> <span class='ocrx_word' id='word_1_23' title='bbox 1166 267 1355 305; x_wconf 75' lang='lat' dir='ltr'>exagitantis,</span> 
     </span>
     <span class='ocr_line' id='line_1_5' title="bbox 135 309 1358 349; baseline 0 -10"><span class='ocrx_word' id='word_1_24' title='bbox 135 312 245 349; x_wconf 85' lang='lat' dir='ltr'>saepius</span> <span class='ocrx_word' id='word_1_25' title='bbox 271 318 341 337; x_wconf 92' lang='lat' dir='ltr'>vero</span> <span class='ocrx_word' id='word_1_26' title='bbox 367 313 471 346; x_wconf 71' lang='lat' dir='ltr'>poem,</span> <span class='ocrx_word' id='word_1_27' title='bbox 499 309 589 337; x_wconf 88' lang='lat' dir='ltr'>modo</span> <span class='ocrx_word' id='word_1_28' title='bbox 611 309 744 338; x_wconf 81' lang='lat' dir='ltr'>actiones</span> <span class='ocrx_word' id='word_1_29' title='bbox 766 309 907 339; x_wconf 78' lang='lat' dir='ltr'>ridiculas</span> <span class='ocrx_word' id='word_1_30' title='bbox 933 309 1138 345; x_wconf 75' lang='lat' dir='ltr'>describentis,</span> <span class='ocrx_word' id='word_1_31' title='bbox 1165 314 1199 338; x_wconf 79' lang='lat' dir='ltr'>ut</span> <span class='ocrx_word' id='word_1_32' title='bbox 1225 315 1271 338; x_wconf 81' lang='lat' dir='ltr'>est</span> <span class='ocrx_word' id='word_1_33' title='bbox 1295 310 1358 340; x_wconf 81' lang='lat' dir='ltr'>Iter</span> 
     </span>
     <span class='ocr_line' id='line_1_6' title="bbox 135 351 1358 390; baseline 0 -8"><span class='ocrx_word' id='word_1_34' title='bbox 135 351 374 386; x_wconf 88' lang='lat' dir='ltr'>Brundusinum‚</span> <span class='ocrx_word' id='word_1_35' title='bbox 399 351 602 388; x_wconf 79' lang='lat' dir='ltr'>importunus,</span> <span class='ocrx_word' id='word_1_36' title='bbox 623 351 815 390; x_wconf 90' lang='lat' dir='ltr'>Colloquium</span> <span class='ocrx_word' id='word_1_37' title='bbox 837 361 906 380; x_wconf 89' lang='lat' dir='ltr'>cum</span> <span class='ocrx_word' id='word_1_38' title='bbox 922 351 1074 388; x_wconf 83' lang='lat' dir='ltr'>Trebatio,</span> <span class='ocrx_word' id='word_1_39' title='bbox 1097 352 1186 381; x_wconf 92' lang='lat' dir='ltr'>modo</span> <span class='ocrx_word' id='word_1_40' title='bbox 1211 352 1306 382; x_wconf 78' lang='lat' dir='ltr'>malos</span> <span class='ocrx_word' id='word_1_41' title='bbox 1326 356 1358 383; x_wconf 84' lang='lat' dir='ltr'>et</span> 
     </span>
     <span class='ocr_line' id='line_1_7' title="bbox 134 392 549 424; baseline -0.007 0"><span class='ocrx_word' id='word_1_42' title='bbox 134 395 258 424; x_wconf 84' lang='lat' dir='ltr'>vitiosos</span> <span class='ocrx_word' id='word_1_43' title='bbox 273 394 348 422; x_wconf 85' lang='lat' dir='ltr'>salse</span> <span class='ocrx_word' id='word_1_44' title='bbox 363 392 549 421; x_wconf 83' lang='lat' dir='ltr'>deridentis.’</span> 
     </span>
    </p>

    <p class='ocr_par' dir='ltr' id='par_1_4' title="bbox 136 433 1365 730">
     <span class='ocr_line' id='line_1_8' title="bbox 181 433 1360 474; baseline -0.001 -8"><span class='ocrx_word' id='word_1_45' title='bbox 181 436 310 466; x_wconf 22' lang='lat'><strong>13—15*</strong></span> <span class='ocrx_word' id='word_1_46' title='bbox 336 433 474 474; x_wconf 82' lang='lat' dir='ltr'>[urbani]</span> <span class='ocrx_word' id='word_1_47' title='bbox 499 434 660 474; x_wconf 67' lang='grc' dir='ltr'>ιεἴρωνος,</span> <span class='ocrx_word' id='word_1_48' title='bbox 681 445 802 465; x_wconf 88' lang='lat' dir='ltr'>omnem</span> <span class='ocrx_word' id='word_1_49' title='bbox 823 435 1034 465; x_wconf 78' lang='lat' dir='ltr'>scurrilitatem</span> <span class='ocrx_word' id='word_1_50' title='bbox 1057 436 1129 465; x_wconf 85' lang='lat' dir='ltr'>scite</span> <span class='ocrx_word' id='word_1_51' title='bbox 1150 435 1311 465; x_wconf 82' lang='lat' dir='ltr'>devitantis</span> <span class='ocrx_word' id='word_1_52' title='bbox 1325 444 1360 466; x_wconf 74' lang='lat' dir='ltr'>ae</span> 
     </span>
     <span class='ocr_line' id='line_1_9' title="bbox 136 477 1360 517; baseline -0.001 -9"><span class='ocrx_word' id='word_1_53' title='bbox 136 484 259 517; x_wconf 85' lang='lat' dir='ltr'>propter</span> <span class='ocrx_word' id='word_1_54' title='bbox 280 478 311 506; x_wconf 91' lang='lat' dir='ltr'>id</span> <span class='ocrx_word' id='word_1_55' title='bbox 334 478 443 515; x_wconf 89' lang='lat' dir='ltr'>ipsum,</span> <span class='ocrx_word' id='word_1_56' title='bbox 467 487 561 515; x_wconf 90' lang='lat' dir='ltr'>quum</span> <span class='ocrx_word' id='word_1_57' title='bbox 583 478 678 507; x_wconf 88' lang='lat' dir='ltr'>multo</span> <span class='ocrx_word' id='word_1_58' title='bbox 700 478 798 507; x_wconf 88' lang='lat' dir='ltr'>acrius</span> <span class='ocrx_word' id='word_1_59' title='bbox 813 478 1081 516; x_wconf 79' lang='lat' dir='ltr'>vehementiusque</span> <span class='ocrx_word' id='word_1_60' title='bbox 1105 478 1136 507; x_wconf 90' lang='lat' dir='ltr'>in</span> <span class='ocrx_word' id='word_1_61' title='bbox 1159 477 1234 507; x_wconf 86' lang='lat' dir='ltr'>vitia</span> <span class='ocrx_word' id='word_1_62' title='bbox 1257 477 1360 508; x_wconf 83' lang='lat' dir='ltr'>invehi</span> 
     </span>
     <span class='ocr_line' id='line_1_10' title="bbox 137 520 1359 559; baseline -0.001 -9"><span class='ocrx_word' id='word_1_63' title='bbox 137 527 247 559; x_wconf 85' lang='lat' dir='ltr'>posset,</span> <span class='ocrx_word' id='word_1_64' title='bbox 262 520 396 559; x_wconf 80' lang='lat' dir='ltr'>proprias</span> <span class='ocrx_word' id='word_1_65' title='bbox 410 520 487 548; x_wconf 86' lang='lat' dir='ltr'>vires</span> <span class='ocrx_word' id='word_1_66' title='bbox 503 520 707 556; x_wconf 85' lang='lat' dir='ltr'>extenuantis,</span> <span class='ocrx_word' id='word_1_67' title='bbox 722 521 763 550; x_wconf 83' lang='lat' dir='ltr'>sic</span> <span class='ocrx_word' id='word_1_68' title='bbox 779 527 890 556; x_wconf 88' lang='lat' dir='ltr'>tamen,</span> <span class='ocrx_word' id='word_1_69' title='bbox 907 525 940 548; x_wconf 91' lang='lat' dir='ltr'>ut</span> <span class='ocrx_word' id='word_1_70' title='bbox 954 521 1096 549; x_wconf 84' lang='lat' dir='ltr'>lectorem</span> <span class='ocrx_word' id='word_1_71' title='bbox 1112 520 1236 549; x_wconf 89' lang='lat' dir='ltr'>minime</span> <span class='ocrx_word' id='word_1_72' title='bbox 1251 520 1359 558; x_wconf 80' lang='lat' dir='ltr'>fugiat,</span> 
     </span>
     <span class='ocr_line' id='line_1_11' title="bbox 138 562 1362 600; baseline -0.001 -7"><span class='ocrx_word' id='word_1_73' title='bbox 138 573 199 593; x_wconf 88' lang='lat' dir='ltr'>non</span> <span class='ocrx_word' id='word_1_74' title='bbox 214 562 329 600; x_wconf 89' lang='lat' dir='ltr'>ingenii</span> <span class='ocrx_word' id='word_1_75' title='bbox 345 562 457 600; x_wconf 70' lang='lat' dir='ltr'>inopia,</span> <span class='ocrx_word' id='word_1_76' title='bbox 480 562 533 591; x_wconf 86' lang='lat' dir='ltr'>sed</span> <span class='ocrx_word' id='word_1_77' title='bbox 553 562 656 591; x_wconf 76' lang='lat' dir='ltr'>dedita</span> <span class='ocrx_word' id='word_1_78' title='bbox 671 563 762 600; x_wconf 69' lang='lat' dir='ltr'>opera</span> <span class='ocrx_word' id='word_1_79' title='bbox 782 569 901 600; x_wconf 85' lang='lat' dir='ltr'>poetam</span> <span class='ocrx_word' id='word_1_80' title='bbox 916 562 959 592; x_wconf 84' lang='lat' dir='ltr'>ita</span> <span class='ocrx_word' id='word_1_81' title='bbox 973 562 1028 591; x_wconf 84' lang='lat' dir='ltr'>sibi</span> <span class='ocrx_word' id='word_1_82' title='bbox 1043 563 1232 591; x_wconf 84' lang='lat' dir='ltr'>moderatum</span> <span class='ocrx_word' id='word_1_83' title='bbox 1248 571 1312 592; x_wconf 85' lang='lat' dir='ltr'>esse</span> <span class='ocrx_word' id='word_1_84' title='bbox 1327 570 1362 592; x_wconf 77' lang='lat' dir='ltr'>ae</span> 
     </span>
     <span class='ocr_line' id='line_1_12' title="bbox 138 604 1361 643; baseline -0.001 -9"><span class='ocrx_word' id='word_1_85' title='bbox 138 605 233 635; x_wconf 87' lang='lat' dir='ltr'>veluti</span> <span class='ocrx_word' id='word_1_86' title='bbox 249 605 348 634; x_wconf 88' lang='lat' dir='ltr'>frenos</span> <span class='ocrx_word' id='word_1_87' title='bbox 363 604 550 642; x_wconf 85' lang='lat' dir='ltr'>imposuisse,</span> <span class='ocrx_word' id='word_1_88' title='bbox 573 610 607 633; x_wconf 89' lang='lat' dir='ltr'>ut</span> <span class='ocrx_word' id='word_1_89' title='bbox 622 614 660 633; x_wconf 87' lang='lat' dir='ltr'>ne</span> <span class='ocrx_word' id='word_1_90' title='bbox 676 605 766 634; x_wconf 88' lang='lat' dir='ltr'>nimis</span> <span class='ocrx_word' id='word_1_91' title='bbox 781 607 902 643; x_wconf 83' lang='lat' dir='ltr'>jocosus</span> <span class='ocrx_word' id='word_1_92' title='bbox 922 610 953 634; x_wconf 85' lang='lat' dir='ltr'>et</span> <span class='ocrx_word' id='word_1_93' title='bbox 973 604 1137 634; x_wconf 80' lang='lat' dir='ltr'>scurriliter</span> <span class='ocrx_word' id='word_1_94' title='bbox 1152 605 1276 634; x_wconf 85' lang='lat' dir='ltr'>mordax</span> <span class='ocrx_word' id='word_1_95' title='bbox 1290 614 1361 634; x_wconf 77' lang='lat' dir='ltr'>eva·</span> 
     </span>
     <span class='ocr_line' id='line_1_13' title="bbox 139 645 1363 686; baseline 0 -9"><span class='ocrx_word' id='word_1_96' title='bbox 139 645 419 686; x_wconf 85' lang='lat' dir='ltr'>deret.’--[secat]</span> <span class='ocrx_word' id='word_1_97' title='bbox 452 646 595 682; x_wconf 83' lang='lat' dir='ltr'>‘dirimit‚</span> <span class='ocrx_word' id='word_1_98' title='bbox 624 647 756 677; x_wconf 65' lang='lat' dir='ltr'>decidit)</span> <span class='ocrx_word' id='word_1_99' title='bbox 791 647 840 676; x_wconf 92' lang='lat' dir='ltr'>Sic</span> <span class='ocrx_word' id='word_1_100' title='bbox 867 647 922 685; x_wconf 87' lang='lat' dir='ltr'>Ep.</span> <span class='ocrx_word' id='word_1_101' title='bbox 951 646 979 682; x_wconf 86' lang='lat' dir='ltr'>l,</span> <span class='ocrx_word' id='word_1_102' title='bbox 1011 646 1060 682; x_wconf 82' lang='lat'>16,</span> <span class='ocrx_word' id='word_1_103' title='bbox 1089 646 1138 682; x_wconf 83' lang='lat'>40,</span> <span class='ocrx_word' id='word_1_104' title='bbox 1172 647 1235 678; x_wconf 82' lang='lat' dir='ltr'>Quo</span> <span class='ocrx_word' id='word_1_105' title='bbox 1263 648 1363 677; x_wconf 76' lang='lat' dir='ltr'>multoe</span> 
     </span>
     <span class='ocr_line' id='line_1_14' title="bbox 139 688 1365 730; baseline -0.001 -10"><span class='ocrx_word' id='word_1_106' title='bbox 139 700 308 730; x_wconf 79' lang='lat' dir='ltr'>magnoeque</span> <span class='ocrx_word' id='word_1_107' title='bbox 333 694 470 719; x_wconf 81' lang='lat' dir='ltr'>secantur</span> <span class='ocrx_word' id='word_1_108' title='bbox 489 688 594 727; x_wconf 77' lang='lat' dir='ltr'>judice</span> <span class='ocrx_word' id='word_1_109' title='bbox 623 690 701 719; x_wconf 82' lang='lat' dir='ltr'>lites.</span> <span class='ocrx_word' id='word_1_110' title='bbox 747 691 754 705; x_wconf 83' lang='lat'><em>⁶</em></span> <span class='ocrx_word' id='word_1_111' title='bbox 769 689 944 718; x_wconf 84' lang='lat' dir='ltr'>Ridiculum</span> <span class='ocrx_word' id='word_1_112' title='bbox 970 698 1049 727; x_wconf 80' lang='lat' dir='ltr'>saepe</span> <span class='ocrx_word' id='word_1_113' title='bbox 1074 689 1170 726; x_wconf 83' lang='lat' dir='ltr'>magis</span> <span class='ocrx_word' id='word_1_114' title='bbox 1194 694 1365 719; x_wconf 80' lang='lat' dir='ltr'>commovet</span> 
     </span>
    </p>
   </div>
   <div class='ocr_carea' id='block_1_4' title="bbox 138 726 1382 770">
    <p class='ocr_par' dir='ltr' id='par_1_5' title="bbox 138 726 1382 770">
     <span class='ocr_line' id='line_1_15' title="bbox 138 726 1382 770; baseline -0.001 -9"><span class='ocrx_word' id='word_1_115' title='bbox 138 732 279 761; x_wconf 88' lang='lat' dir='ltr'>homines</span> <span class='ocrx_word' id='word_1_116' title='bbox 302 741 392 770; x_wconf 87' lang='lat' dir='ltr'>quam</span> <span class='ocrx_word' id='word_1_117' title='bbox 415 733 514 770; x_wconf 82' lang='lat' dir='ltr'>gravis</span> <span class='ocrx_word' id='word_1_118' title='bbox 535 740 569 760; x_wconf 89' lang='lat' dir='ltr'>ac</span> <span class='ocrx_word' id='word_1_119' title='bbox 591 731 669 761; x_wconf 78' lang='lat' dir='ltr'>seria</span> <span class='ocrx_word' id='word_1_120' title='bbox 692 732 871 761; x_wconf 83' lang='lat' dir='ltr'>declamatio</span> <span class='ocrx_word' id='word_1_121' title='bbox 895 732 987 761; x_wconf 84' lang='lat' dir='ltr'>etiam</span> <span class='ocrx_word' id='word_1_122' title='bbox 1011 731 1043 760; x_wconf 92' lang='lat' dir='ltr'>in</span> <span class='ocrx_word' id='word_1_123' title='bbox 1065 733 1154 760; x_wconf 88' lang='lat' dir='ltr'>rebus</span> <span class='ocrx_word' id='word_1_124' title='bbox 1173 731 1275 769; x_wconf 81' lang='lat' dir='ltr'>magni</span> <span class='ocrx_word' id='word_1_125' title='bbox 1298 726 1382 761; x_wconf 47' lang='lat' dir='ltr'>mo?</span> 
     </span>
    </p>
   </div>
   <div class='ocr_carea' id='block_1_5' title="bbox 139 774 257 804">
    <p class='ocr_par' dir='ltr' id='par_1_6' title="bbox 139 774 257 804">
     <span class='ocr_line' id='line_1_16' title="bbox 139 774 257 804; baseline -0.008 0"><span class='ocrx_word' id='word_1_126' title='bbox 139 774 257 804; x_wconf 60' lang='lat' dir='ltr'>menti)</span> 
     </span>
    </p>
   </div>
   <div class='ocr_carea' id='block_1_6' title="bbox 140 813 1390 940">
    <p class='ocr_par' dir='ltr' id='par_1_7' title="bbox 140 813 1390 940">
     <span class='ocr_line' id='line_1_17' title="bbox 185 813 1386 854; baseline -0.002 -8"><span class='ocrx_word' id='word_1_127' title='bbox 185 817 317 846; x_wconf 83' lang='lat'><strong>16—19.</strong></span> <span class='ocrx_word' id='word_1_128' title='bbox 342 814 497 854; x_wconf 81' lang='lat' dir='ltr'>[comoedia</span> <span class='ocrx_word' id='word_1_129' title='bbox 529 813 645 854; x_wconf 81' lang='lat' dir='ltr'>prisca]</span> <span class='ocrx_word' id='word_1_130' title='bbox 687 817 748 846; x_wconf 85' lang='lat' dir='ltr'>Sat.</span> <span class='ocrx_word' id='word_1_131' title='bbox 779 815 806 851; x_wconf 83' lang='lat' dir='ltr'>l,</span> <span class='ocrx_word' id='word_1_132' title='bbox 836 815 867 853; x_wconf 82' lang='lat'>4,</span> <span class='ocrx_word' id='word_1_133' title='bbox 896 815 924 851; x_wconf 83' lang='lat' dir='ltr'>l,</span> <span class='ocrx_word' id='word_1_134' title='bbox 953 815 1077 854; x_wconf 63' lang='lat' dir='ltr'>Eupolis</span> <span class='ocrx_word' id='word_1_135' title='bbox 1105 819 1192 854; x_wconf 82' lang='lat' dir='ltr'>atque</span> <span class='ocrx_word' id='word_1_136' title='bbox 1223 815 1386 854; x_wconf 42' lang='lat' dir='ltr'>Cratinus-2</span> 
     </span>
     <span class='ocr_line' id='line_1_18' title="bbox 140 856 1390 898; baseline -0.002 -10"><span class='ocrx_word' id='word_1_137' title='bbox 140 860 409 898; x_wconf 76' lang='lat' dir='ltr'>Aristophanesque</span> <span class='ocrx_word' id='word_1_138' title='bbox 430 862 582 896; x_wconf 81' lang='lat' dir='ltr'>poetae.—</span> <span class='ocrx_word' id='word_1_139' title='bbox 597 856 747 897; x_wconf 78' lang='lat' dir='ltr'>[stabant]</span> <span class='ocrx_word' id='word_1_140' title='bbox 771 859 779 874; x_wconf 92' lang='lat'>‘</span> <span class='ocrx_word' id='word_1_141' title='bbox 792 863 914 897; x_wconf 87' lang='lat' dir='ltr'>propter</span> <span class='ocrx_word' id='word_1_142' title='bbox 936 858 1003 887; x_wconf 86' lang='lat' dir='ltr'>illas</span> <span class='ocrx_word' id='word_1_143' title='bbox 1020 858 1145 887; x_wconf 86' lang='lat' dir='ltr'>virtutes</span> <span class='ocrx_word' id='word_1_144' title='bbox 1159 858 1235 887; x_wconf 88' lang='lat' dir='ltr'>adeo</span> <span class='ocrx_word' id='word_1_145' title='bbox 1253 858 1390 896; x_wconf 62' lang='lat' dir='ltr'>populo{‘&#39;</span> 
     </span>
     <span class='ocr_line' id='line_1_19' title="bbox 141 899 1366 940; baseline -0.002 -9"><span class='ocrx_word' id='word_1_146' title='bbox 141 902 310 940; x_wconf 83' lang='lat' dir='ltr'>placebant,</span> <span class='ocrx_word' id='word_1_147' title='bbox 333 907 367 929; x_wconf 95' lang='lat' dir='ltr'>ut</span> <span class='ocrx_word' id='word_1_148' title='bbox 385 902 422 929; x_wconf 89' lang='lat' dir='ltr'>ab</span> <span class='ocrx_word' id='word_1_149' title='bbox 443 901 530 929; x_wconf 89' lang='lat' dir='ltr'>initio</span> <span class='ocrx_word' id='word_1_150' title='bbox 552 910 647 938; x_wconf 86' lang='lat' dir='ltr'>usque</span> <span class='ocrx_word' id='word_1_151' title='bbox 670 901 709 930; x_wconf 90' lang='lat' dir='ltr'>ad</span> <span class='ocrx_word' id='word_1_152' title='bbox 730 901 822 930; x_wconf 89' lang='lat' dir='ltr'>finem</span> <span class='ocrx_word' id='word_1_153' title='bbox 842 901 981 939; x_wconf 86' lang='lat' dir='ltr'>plausum</span> <span class='ocrx_word' id='word_1_154' title='bbox 1001 899 1134 935; x_wconf 84' lang='lat' dir='ltr'>serrent;</span> <span class='ocrx_word' id='word_1_155' title='bbox 1157 906 1246 938; x_wconf 84' lang='lat' dir='ltr'>atque</span> <span class='ocrx_word' id='word_1_156' title='bbox 1273 900 1366 929; x_wconf 87' lang='lat' dir='ltr'>etiam</span> 
     </span>
    </p>
   </div>
   <div class='ocr_carea' id='block_1_7' title="bbox 142 942 1378 1785">
    <p class='ocr_par' dir='ltr' id='par_1_8' title="bbox 142 942 1371 1234">
     <span class='ocr_line' id='line_1_20' title="bbox 142 942 1366 981; baseline -0.001 -9"><span class='ocrx_word' id='word_1_157' title='bbox 142 953 224 973; x_wconf 88' lang='lat' dir='ltr'>nunc</span> <span class='ocrx_word' id='word_1_158' title='bbox 239 953 290 972; x_wconf 88' lang='lat' dir='ltr'>eos</span> <span class='ocrx_word' id='word_1_159' title='bbox 306 953 359 972; x_wconf 91' lang='lat' dir='ltr'>nos</span> <span class='ocrx_word' id='word_1_160' title='bbox 375 943 581 976; x_wconf 85' lang='lat' dir='ltr'>admiramur;</span> <span class='ocrx_word' id='word_1_161' title='bbox 604 942 659 971; x_wconf 87' lang='lat' dir='ltr'>etsi</span> <span class='ocrx_word' id='word_1_162' title='bbox 679 943 848 981; x_wconf 87' lang='lat' dir='ltr'>pulchellus</span> <span class='ocrx_word' id='word_1_163' title='bbox 868 942 918 971; x_wconf 90' lang='lat' dir='ltr'>ille</span> <span class='ocrx_word' id='word_1_164' title='bbox 941 948 972 972; x_wconf 87' lang='lat' dir='ltr'>et</span> <span class='ocrx_word' id='word_1_165' title='bbox 993 942 1137 971; x_wconf 81' lang='lat' dir='ltr'>delicatus</span> <span class='ocrx_word' id='word_1_166' title='bbox 1160 943 1366 979; x_wconf 75' lang='lat' dir='ltr'>Hermogenes</span> 
     </span>
     <span class='ocr_line' id='line_1_21' title="bbox 144 984 1367 1024; baseline -0.002 -9"><span class='ocrx_word' id='word_1_167' title='bbox 144 986 291 1024; x_wconf 87' lang='lat' dir='ltr'>Tigellius</span> <span class='ocrx_word' id='word_1_168' title='bbox 317 984 393 1024; x_wconf 84' lang='lat' dir='ltr'>(Sat.</span> <span class='ocrx_word' id='word_1_169' title='bbox 419 985 446 1021; x_wconf 86' lang='lat' dir='ltr'>l,</span> <span class='ocrx_word' id='word_1_170' title='bbox 474 985 502 1020; x_wconf 87' lang='lat'>4,</span> <span class='ocrx_word' id='word_1_171' title='bbox 529 984 580 1019; x_wconf 83' lang='lat'>72.</span> <span class='ocrx_word' id='word_1_172' title='bbox 609 985 635 1022; x_wconf 88' lang='lat' dir='ltr'>l,</span> <span class='ocrx_word' id='word_1_173' title='bbox 659 986 689 1020; x_wconf 85' lang='lat'>9,</span> <span class='ocrx_word' id='word_1_174' title='bbox 714 984 780 1023; x_wconf 82' lang='lat'>25‚)</span> <span class='ocrx_word' id='word_1_175' title='bbox 808 994 963 1023; x_wconf 87' lang='lat' dir='ltr'>nunquam</span> <span class='ocrx_word' id='word_1_176' title='bbox 989 985 1044 1013; x_wconf 87' lang='lat' dir='ltr'>hos</span> <span class='ocrx_word' id='word_1_177' title='bbox 1067 984 1162 1022; x_wconf 84' lang='lat' dir='ltr'>legit.&#39;</span> <span class='ocrx_word' id='word_1_178' title='bbox 1207 984 1238 1013; x_wconf 90' lang='lat' dir='ltr'>Is</span> <span class='ocrx_word' id='word_1_179' title='bbox 1264 984 1367 1021; x_wconf 81' lang='lat' dir='ltr'>igitur,</span> 
     </span>
     <span class='ocr_line' id='line_1_22' title="bbox 143 1026 1369 1065; baseline -0.002 -7"><span class='ocrx_word' id='word_1_180' title='bbox 143 1029 199 1058; x_wconf 87' lang='lat' dir='ltr'>etsi</span> <span class='ocrx_word' id='word_1_181' title='bbox 225 1029 337 1057; x_wconf 85' lang='lat' dir='ltr'>facetus</span> <span class='ocrx_word' id='word_1_182' title='bbox 368 1037 432 1057; x_wconf 88' lang='lat' dir='ltr'>esse</span> <span class='ocrx_word' id='word_1_183' title='bbox 458 1028 607 1061; x_wconf 80' lang='lat' dir='ltr'>studebat,</span> <span class='ocrx_word' id='word_1_184' title='bbox 633 1037 704 1056; x_wconf 90' lang='lat' dir='ltr'>vera</span> <span class='ocrx_word' id='word_1_185' title='bbox 728 1027 904 1056; x_wconf 80' lang='lat' dir='ltr'>facetiarum</span> <span class='ocrx_word' id='word_1_186' title='bbox 930 1027 1115 1065; x_wconf 83' lang='lat' dir='ltr'>exemplaria</span> <span class='ocrx_word' id='word_1_187' title='bbox 1143 1026 1369 1064; x_wconf 85' lang='lat' dir='ltr'>negligebat.—</span> 
     </span>
     <span class='ocr_line' id='line_1_23' title="bbox 144 1068 1369 1111; baseline -0.003 -10"><span class='ocrx_word' id='word_1_188' title='bbox 144 1070 263 1111; x_wconf 78' lang='lat' dir='ltr'>[simius</span> <span class='ocrx_word' id='word_1_189' title='bbox 277 1069 348 1109; x_wconf 84' lang='lat' dir='ltr'>iste]</span> <span class='ocrx_word' id='word_1_190' title='bbox 367 1069 573 1108; x_wconf 85' lang='lat' dir='ltr'>vel,‘ineptus</span> <span class='ocrx_word' id='word_1_191' title='bbox 589 1069 710 1107; x_wconf 80' lang='lat' dir='ltr'>Tigellii</span> <span class='ocrx_word' id='word_1_192' title='bbox 731 1069 883 1098; x_wconf 86' lang='lat' dir='ltr'>imitator’</span> <span class='ocrx_word' id='word_1_193' title='bbox 906 1069 963 1105; x_wconf 87' lang='lat' dir='ltr'>vel,</span> <span class='ocrx_word' id='word_1_194' title='bbox 984 1074 1018 1098; x_wconf 86' lang='lat' dir='ltr'>ut</span> <span class='ocrx_word' id='word_1_195' title='bbox 1040 1074 1163 1098; x_wconf 88' lang='lat' dir='ltr'>narrant</span> <span class='ocrx_word' id='word_1_196' title='bbox 1184 1068 1369 1104; x_wconf 84' lang='lat' dir='ltr'>Scholiastae,</span> 
     </span>
     <span class='ocr_line' id='line_1_24' title="bbox 144 1111 1369 1152; baseline -0.002 -10"><span class='ocrx_word' id='word_1_197' title='bbox 144 1117 285 1152; x_wconf 85' lang='lat' dir='ltr'>‘propter</span> <span class='ocrx_word' id='word_1_198' title='bbox 300 1112 464 1142; x_wconf 84' lang='lat' dir='ltr'>deformem</span> <span class='ocrx_word' id='word_1_199' title='bbox 480 1121 514 1141; x_wconf 90' lang='lat' dir='ltr'>ac</span> <span class='ocrx_word' id='word_1_200' title='bbox 529 1113 652 1140; x_wconf 88' lang='lat' dir='ltr'>brevem</span> <span class='ocrx_word' id='word_1_201' title='bbox 668 1112 834 1141; x_wconf 57' lang='lat' dir='ltr'>staturam?</span> <span class='ocrx_word' id='word_1_202' title='bbox 844 1127 886 1133; x_wconf 97' lang='lat'>—</span> <span class='ocrx_word' id='word_1_203' title='bbox 899 1111 943 1140; x_wconf 90' lang='lat' dir='ltr'>De</span> <span class='ocrx_word' id='word_1_204' title='bbox 961 1112 994 1141; x_wconf 89' lang='lat' dir='ltr'>C.</span> <span class='ocrx_word' id='word_1_205' title='bbox 1011 1111 1128 1140; x_wconf 82' lang='lat' dir='ltr'>Licinio</span> <span class='ocrx_word' id='word_1_206' title='bbox 1143 1111 1236 1140; x_wconf 86' lang='lat' dir='ltr'>Calvo</span> <span class='ocrx_word' id='word_1_207' title='bbox 1250 1116 1369 1140; x_wconf 75' lang='lat' dir='ltr'>oratore</span> 
     </span>
     <span class='ocr_line' id='line_1_25' title="bbox 143 1153 1371 1194; baseline -0.002 -10"><span class='ocrx_word' id='word_1_208' title='bbox 143 1161 175 1185; x_wconf 88' lang='lat' dir='ltr'>et</span> <span class='ocrx_word' id='word_1_209' title='bbox 189 1156 288 1194; x_wconf 74' lang='lat' dir='ltr'>poeta,</span> <span class='ocrx_word' id='word_1_210' title='bbox 306 1154 417 1184; x_wconf 89' lang='lat' dir='ltr'>Catulli</span> <span class='ocrx_word' id='word_1_211' title='bbox 432 1154 537 1188; x_wconf 88' lang='lat' dir='ltr'>amico,</span> <span class='ocrx_word' id='word_1_212' title='bbox 554 1155 736 1192; x_wconf 71' lang='lat' dir='ltr'>praematura</span> <span class='ocrx_word' id='word_1_213' title='bbox 751 1159 846 1183; x_wconf 89' lang='lat' dir='ltr'>morte</span> <span class='ocrx_word' id='word_1_214' title='bbox 861 1153 980 1183; x_wconf 87' lang='lat' dir='ltr'>circiter</span> <span class='ocrx_word' id='word_1_215' title='bbox 995 1162 1026 1183; x_wconf 74' lang='lat' dir='ltr'>A.</span> <span class='ocrx_word' id='word_1_216' title='bbox 1043 1161 1073 1182; x_wconf 87' lang='lat' dir='ltr'>u.</span> <span class='ocrx_word' id='word_1_217' title='bbox 1089 1161 1116 1182; x_wconf 84' lang='lat' dir='ltr'>c.</span> <span class='ocrx_word' id='word_1_218' title='bbox 1133 1153 1196 1188; x_wconf 82' lang='lat'>706</span> <span class='ocrx_word' id='word_1_219' title='bbox 1210 1153 1371 1189; x_wconf 76' lang='lat' dir='ltr'>exstincto,</span> 
     </span>
     <span class='ocr_line' id='line_1_26' title="bbox 143 1196 671 1234; baseline -0.008 -6"><span class='ocrx_word' id='word_1_220' title='bbox 143 1197 196 1228; x_wconf 84' lang='lat' dir='ltr'>cfr.</span> <span class='ocrx_word' id='word_1_221' title='bbox 214 1198 377 1231; x_wconf 85' lang='lat' dir='ltr'>Weichert,</span> <span class='ocrx_word' id='word_1_222' title='bbox 394 1197 478 1226; x_wconf 85' lang='lat' dir='ltr'>Poet.</span> <span class='ocrx_word' id='word_1_223' title='bbox 495 1197 558 1225; x_wconf 87' lang='lat' dir='ltr'>Lat.</span> <span class='ocrx_word' id='word_1_224' title='bbox 577 1206 605 1234; x_wconf 89' lang='lat' dir='ltr'>p.</span> <span class='ocrx_word' id='word_1_225' title='bbox 621 1196 671 1226; x_wconf 88' lang='grc'>89.</span> 
     </span>
    </p>

    <p class='ocr_par' dir='ltr' id='par_1_9' title="bbox 144 1236 1375 1617">
     <span class='ocr_line' id='line_1_27' title="bbox 187 1236 1374 1278; baseline -0.004 -8"><span class='ocrx_word' id='word_1_226' title='bbox 187 1241 239 1278; x_wconf 86' lang='grc'>20,</span> <span class='ocrx_word' id='word_1_227' title='bbox 256 1240 306 1269; x_wconf 83' lang='grc'>21.</span> <span class='ocrx_word' id='word_1_228' title='bbox 331 1237 455 1278; x_wconf 79' lang='lat' dir='ltr'>[Graeca</span> <span class='ocrx_word' id='word_1_229' title='bbox 469 1237 607 1277; x_wconf 82' lang='lat' dir='ltr'>Latinis]</span> <span class='ocrx_word' id='word_1_230' title='bbox 633 1239 772 1268; x_wconf 83' lang='lat' dir='ltr'>Placebat</span> <span class='ocrx_word' id='word_1_231' title='bbox 785 1238 879 1276; x_wconf 87' lang='lat' dir='ltr'>igitur</span> <span class='ocrx_word' id='word_1_232' title='bbox 893 1237 1047 1267; x_wconf 85' lang='lat' dir='ltr'>nonnullis</span> <span class='ocrx_word' id='word_1_233' title='bbox 1063 1237 1182 1266; x_wconf 84' lang='lat' dir='ltr'>Horatii</span> <span class='ocrx_word' id='word_1_234' title='bbox 1197 1236 1374 1275; x_wconf 72' lang='lat' dir='ltr'>aequalibus·</span> 
     </span>
     <span class='ocr_line' id='line_1_28' title="bbox 144 1279 1372 1317; baseline -0.002 -6"><span class='ocrx_word' id='word_1_235' title='bbox 144 1282 254 1312; x_wconf 81' lang='lat' dir='ltr'>vitiosa</span> <span class='ocrx_word' id='word_1_236' title='bbox 269 1283 320 1311; x_wconf 90' lang='lat' dir='ltr'>illa</span> <span class='ocrx_word' id='word_1_237' title='bbox 334 1281 520 1310; x_wconf 90' lang='lat' dir='ltr'>consuetudo</span> <span class='ocrx_word' id='word_1_238' title='bbox 536 1282 627 1310; x_wconf 86' lang='lat' dir='ltr'>verba</span> <span class='ocrx_word' id='word_1_239' title='bbox 641 1281 756 1317; x_wconf 87' lang='lat' dir='ltr'>Graeca,</span> <span class='ocrx_word' id='word_1_240' title='bbox 779 1280 932 1309; x_wconf 88' lang='lat' dir='ltr'>interdum</span> <span class='ocrx_word' id='word_1_241' title='bbox 947 1279 1040 1309; x_wconf 86' lang='lat' dir='ltr'>etiam</span> <span class='ocrx_word' id='word_1_242' title='bbox 1060 1280 1192 1317; x_wconf 81' lang='lat' dir='ltr'>integros</span> <span class='ocrx_word' id='word_1_243' title='bbox 1207 1279 1372 1308; x_wconf 74' lang='lat' dir='ltr'>versiculos</span> 
     </span>
     <span class='ocr_line' id='line_1_29' title="bbox 147 1321 1372 1361; baseline -0.003 -7"><span class='ocrx_word' id='word_1_244' title='bbox 147 1325 265 1355; x_wconf 84' lang='lat' dir='ltr'>Latinis</span> <span class='ocrx_word' id='word_1_245' title='bbox 286 1323 524 1358; x_wconf 87' lang='lat' dir='ltr'>intermiscendi‚</span> <span class='ocrx_word' id='word_1_246' title='bbox 547 1323 598 1361; x_wconf 91' lang='lat' dir='ltr'>qui</span> <span class='ocrx_word' id='word_1_247' title='bbox 624 1333 687 1352; x_wconf 87' lang='lat' dir='ltr'>mos</span> <span class='ocrx_word' id='word_1_248' title='bbox 708 1323 740 1351; x_wconf 93' lang='lat' dir='ltr'>in</span> <span class='ocrx_word' id='word_1_249' title='bbox 762 1323 896 1361; x_wconf 84' lang='lat' dir='ltr'>epistolis</span> <span class='ocrx_word' id='word_1_250' title='bbox 920 1323 1080 1352; x_wconf 85' lang='lat' dir='ltr'>dumtaxat</span> <span class='ocrx_word' id='word_1_251' title='bbox 1102 1321 1300 1351; x_wconf 80' lang='lat' dir='ltr'>familiaribus</span> <span class='ocrx_word' id='word_1_252' title='bbox 1325 1321 1372 1350; x_wconf 77' lang='lat' dir='ltr'>int</span> 
     </span>
     <span class='ocr_line' id='line_1_30' title="bbox 145 1363 1372 1404; baseline -0.002 -8"><span class='ocrx_word' id='word_1_253' title='bbox 145 1367 321 1397; x_wconf 84' lang='lat' dir='ltr'>tolerandus</span> <span class='ocrx_word' id='word_1_254' title='bbox 335 1363 610 1404; x_wconf 88' lang='lat' dir='ltr'>videbatur.-—[O</span> <span class='ocrx_word' id='word_1_255' title='bbox 625 1367 684 1395; x_wconf 82' lang='lat' dir='ltr'>seri</span> <span class='ocrx_word' id='word_1_256' title='bbox 698 1363 877 1404; x_wconf 83' lang='lat' dir='ltr'>studiorum]</span> <span class='ocrx_word' id='word_1_257' title='bbox 908 1365 975 1401; x_wconf 85' lang='lat' dir='ltr'>Hoc</span> <span class='ocrx_word' id='word_1_258' title='bbox 996 1365 1062 1403; x_wconf 81' lang='lat' dir='ltr'>ipso</span> <span class='ocrx_word' id='word_1_259' title='bbox 1081 1370 1143 1393; x_wconf 89' lang='lat' dir='ltr'>tam</span> <span class='ocrx_word' id='word_1_260' title='bbox 1163 1373 1303 1402; x_wconf 86' lang='lat' dir='ltr'>perverso</span> <span class='ocrx_word' id='word_1_261' title='bbox 1319 1364 1372 1402; x_wconf 87' lang='lat' dir='ltr'>ju-</span> 
     </span>
     <span class='ocr_line' id='line_1_31' title="bbox 144 1406 1372 1445; baseline -0.002 -6"><span class='ocrx_word' id='word_1_262' title='bbox 144 1410 227 1439; x_wconf 86' lang='lat' dir='ltr'>dicio</span> <span class='ocrx_word' id='word_1_263' title='bbox 249 1409 320 1438; x_wconf 88' lang='lat' dir='ltr'>satis</span> <span class='ocrx_word' id='word_1_264' title='bbox 346 1409 394 1437; x_wconf 85' lang='lat' dir='ltr'>isti</span> <span class='ocrx_word' id='word_1_265' title='bbox 419 1409 667 1437; x_wconf 83' lang='lat' dir='ltr'>demonstrabant</span> <span class='ocrx_word' id='word_1_266' title='bbox 692 1417 760 1437; x_wconf 83' lang='lat' dir='ltr'>sero</span> <span class='ocrx_word' id='word_1_267' title='bbox 785 1417 815 1436; x_wconf 91' lang='lat' dir='ltr'>se</span> <span class='ocrx_word' id='word_1_268' title='bbox 842 1407 987 1445; x_wconf 87' lang='lat' dir='ltr'>incepisse</span> <span class='ocrx_word' id='word_1_269' title='bbox 1011 1407 1117 1436; x_wconf 84' lang='lat' dir='ltr'>litteris</span> <span class='ocrx_word' id='word_1_270' title='bbox 1143 1415 1264 1444; x_wconf 82' lang='lat' dir='ltr'>operam</span> <span class='ocrx_word' id='word_1_271' title='bbox 1291 1406 1372 1436; x_wconf 83' lang='lat' dir='ltr'>dare.</span> 
     </span>
     <span class='ocr_line' id='line_1_32' title="bbox 146 1447 1371 1491; baseline -0.002 -10"><span class='ocrx_word' id='word_1_272' title='bbox 146 1449 327 1491; x_wconf 70' lang='grc' dir='ltr'>Ὀψιμαθία</span> <span class='ocrx_word' id='word_1_273' title='bbox 343 1457 444 1480; x_wconf 89' lang='lat' dir='ltr'>autem</span> <span class='ocrx_word' id='word_1_274' title='bbox 460 1450 652 1489; x_wconf 85' lang='lat' dir='ltr'>optimojure</span> <span class='ocrx_word' id='word_1_275' title='bbox 667 1449 800 1487; x_wconf 87' lang='lat' dir='ltr'>antiquis</span> <span class='ocrx_word' id='word_1_276' title='bbox 816 1459 961 1487; x_wconf 87' lang='lat' dir='ltr'>perquam</span> <span class='ocrx_word' id='word_1_277' title='bbox 977 1449 1103 1478; x_wconf 89' lang='lat' dir='ltr'>ridicula</span> <span class='ocrx_word' id='word_1_278' title='bbox 1118 1449 1286 1478; x_wconf 86' lang='lat' dir='ltr'>videbatur.</span> <span class='ocrx_word' id='word_1_279' title='bbox 1309 1447 1371 1478; x_wconf 79' lang='lat' dir='ltr'>cfr.</span> 
     </span>
     <span class='ocr_line' id='line_1_33' title="bbox 149 1489 1375 1533; baseline -0.004 -9"><span class='ocrx_word' id='word_1_280' title='bbox 149 1495 303 1533; x_wconf 86' lang='lat' dir='ltr'>Theophr.</span> <span class='ocrx_word' id='word_1_281' title='bbox 319 1494 409 1523; x_wconf 86' lang='lat' dir='ltr'>Char.</span> <span class='ocrx_word' id='word_1_282' title='bbox 426 1492 475 1527; x_wconf 85' lang='lat'>27.</span> <span class='ocrx_word' id='word_1_283' title='bbox 500 1492 562 1522; x_wconf 88' lang='lat' dir='ltr'>Cic.</span> <span class='ocrx_word' id='word_1_284' title='bbox 583 1493 620 1522; x_wconf 88' lang='lat' dir='ltr'>ad</span> <span class='ocrx_word' id='word_1_285' title='bbox 642 1493 725 1521; x_wconf 86' lang='lat' dir='ltr'>Fam.</span> <span class='ocrx_word' id='word_1_286' title='bbox 741 1492 770 1525; x_wconf 87' lang='lat'>9,</span> <span class='ocrx_word' id='word_1_287' title='bbox 794 1492 843 1528; x_wconf 85' lang='lat'>20,</span> <span class='ocrx_word' id='word_1_288' title='bbox 866 1489 1039 1532; x_wconf 66' lang='grc' dir='ltr'>ὀψιμαθεῖς</span> <span class='ocrx_word' id='word_1_289' title='bbox 1061 1493 1188 1520; x_wconf 75' lang='lat' dir='ltr'>homines</span> <span class='ocrx_word' id='word_1_290' title='bbox 1210 1492 1268 1520; x_wconf 73' lang='lat' dir='ltr'>scis</span> <span class='ocrx_word' id='word_1_291' title='bbox 1286 1499 1375 1529; x_wconf 79' lang='lat' dir='ltr'>quam</span> 
     </span>
     <span class='ocr_line' id='line_1_34' title="bbox 146 1533 1375 1574; baseline -0.004 -8"><span class='ocrx_word' id='word_1_292' title='bbox 146 1538 303 1567; x_wconf 71' lang='lat' dir='ltr'>insolentes</span> <span class='ocrx_word' id='word_1_293' title='bbox 323 1533 560 1574; x_wconf 58' lang='lat' dir='ltr'>sinu—[quine</span> <span class='ocrx_word' id='word_1_294' title='bbox 578 1533 705 1573; x_wconf 81' lang='lat' dir='ltr'>putetis]</span> <span class='ocrx_word' id='word_1_295' title='bbox 729 1534 919 1563; x_wconf 84' lang='lat' dir='ltr'>Constructio</span> <span class='ocrx_word' id='word_1_296' title='bbox 941 1539 1093 1563; x_wconf 90' lang='lat' dir='ltr'>contracta</span> <span class='ocrx_word' id='word_1_297' title='bbox 1115 1542 1153 1562; x_wconf 85' lang='lat' dir='ltr'>ex</span> <span class='ocrx_word' id='word_1_298' title='bbox 1177 1533 1244 1567; x_wconf 85' lang='lat' dir='ltr'>his;</span> <span class='ocrx_word' id='word_1_299' title='bbox 1269 1534 1375 1571; x_wconf 70' lang='lat' dir='ltr'>‘puta-</span> 
     </span>
     <span class='ocr_line' id='line_1_35' title="bbox 149 1575 1002 1617; baseline -0.006 -8"><span class='ocrx_word' id='word_1_300' title='bbox 149 1581 224 1610; x_wconf 79' lang='lat' dir='ltr'>tisne</span> <span class='ocrx_word' id='word_1_301' title='bbox 234 1580 258 1608; x_wconf 82' lang='lat'>?&#39;</span> <span class='ocrx_word' id='word_1_302' title='bbox 274 1585 314 1613; x_wconf 85' lang='lat' dir='ltr'>et,</span> <span class='ocrx_word' id='word_1_303' title='bbox 330 1580 338 1594; x_wconf 85' lang='lat'><em>‘</em></span> <span class='ocrx_word' id='word_1_304' title='bbox 350 1579 401 1617; x_wconf 81' lang='lat' dir='ltr'>qui</span> <span class='ocrx_word' id='word_1_305' title='bbox 413 1580 525 1616; x_wconf 78' lang='lat' dir='ltr'>putetis</span> <span class='ocrx_word' id='word_1_306' title='bbox 532 1577 554 1610; x_wconf 83' lang='lat'>,·’</span> <span class='ocrx_word' id='word_1_307' title='bbox 578 1580 585 1593; x_wconf 80' lang='lat'><strong>⁶</strong></span> <span class='ocrx_word' id='word_1_308' title='bbox 595 1579 658 1606; x_wconf 81' lang='lat' dir='ltr'>how</span> <span class='ocrx_word' id='word_1_309' title='bbox 673 1577 759 1606; x_wconf 78' lang='lat' dir='ltr'>could</span> <span class='ocrx_word' id='word_1_310' title='bbox 771 1587 828 1615; x_wconf 74' lang='lat' dir='ltr'>you</span> <span class='ocrx_word' id='word_1_311' title='bbox 843 1577 969 1614; x_wconf 80' lang='lat' dir='ltr'>imagine</span> <span class='ocrx_word' id='word_1_312' title='bbox 980 1575 1002 1604; x_wconf 65' lang='grc' dir='ltr'>,Ρ</span> 
     </span>
    </p>

    <p class='ocr_par' dir='ltr' id='par_1_10' title="bbox 149 1617 1378 1785">
     <span class='ocr_line' id='line_1_36' title="bbox 190 1617 1376 1659; baseline -0.004 -8"><span class='ocrx_word' id='word_1_313' title='bbox 190 1621 323 1651; x_wconf 84' lang='grc'><strong>22-24.</strong></span> <span class='ocrx_word' id='word_1_314' title='bbox 349 1617 561 1659; x_wconf 79' lang='lat' dir='ltr'>[Pitholeonti]</span> <span class='ocrx_word' id='word_1_315' title='bbox 586 1619 693 1648; x_wconf 88' lang='lat' dir='ltr'>liberto</span> <span class='ocrx_word' id='word_1_316' title='bbox 717 1619 758 1647; x_wconf 92' lang='lat' dir='ltr'>M.</span> <span class='ocrx_word' id='word_1_317' title='bbox 779 1618 910 1652; x_wconf 87' lang='lat' dir='ltr'>Otacilii,</span> <span class='ocrx_word' id='word_1_318' title='bbox 934 1619 1014 1646; x_wconf 90' lang='lat' dir='ltr'>unde</span> <span class='ocrx_word' id='word_1_319' title='bbox 1037 1617 1192 1654; x_wconf 82' lang='lat' dir='ltr'>Macrobio</span> <span class='ocrx_word' id='word_1_320' title='bbox 1214 1618 1276 1645; x_wconf 72' lang='lat' dir='ltr'>Sat.</span> <span class='ocrx_word' id='word_1_321' title='bbox 1299 1617 1328 1650; x_wconf 84' lang='lat'>2,</span> <span class='ocrx_word' id='word_1_322' title='bbox 1344 1617 1376 1652; x_wconf 82' lang='lat'>2,</span> 
     </span>
     <span class='ocr_line' id='line_1_37' title="bbox 149 1656 1378 1698; baseline -0.005 -5"><span class='ocrx_word' id='word_1_323' title='bbox 149 1663 260 1693; x_wconf 86' lang='lat' dir='ltr'>dicitur</span> <span class='ocrx_word' id='word_1_324' title='bbox 284 1664 328 1692; x_wconf 92' lang='lat' dir='ltr'>M.</span> <span class='ocrx_word' id='word_1_325' title='bbox 358 1663 501 1692; x_wconf 76' lang='lat' dir='ltr'>Otacilius</span> <span class='ocrx_word' id='word_1_326' title='bbox 525 1662 680 1694; x_wconf 81' lang='lat' dir='ltr'>Pitholaus</span> <span class='ocrx_word' id='word_1_327' title='bbox 711 1657 921 1695; x_wconf 66' lang='grc' dir='ltr'><em>(Πειθόλαος,</em></span> <span class='ocrx_word' id='word_1_328' title='bbox 945 1657 1139 1698; x_wconf 65' lang='grc' dir='ltr'>Πειθόλεως,</span> <span class='ocrx_word' id='word_1_329' title='bbox 1161 1656 1378 1695; x_wconf 60' lang='grc' dir='ltr'><strong>Πειδολὲων).</strong></span> 
     </span>
     <span class='ocr_line' id='line_1_38' title="bbox 150 1703 1376 1740; baseline -0.005 -4"><span class='ocrx_word' id='word_1_330' title='bbox 150 1707 235 1736; x_wconf 87' lang='lat' dir='ltr'>Suet.</span> <span class='ocrx_word' id='word_1_331' title='bbox 253 1706 328 1735; x_wconf 87' lang='lat' dir='ltr'>Caes.</span> <span class='ocrx_word' id='word_1_332' title='bbox 345 1705 395 1740; x_wconf 89' lang='grc'>75,</span> <span class='ocrx_word' id='word_1_333' title='bbox 414 1705 546 1734; x_wconf 78' lang='lat' dir='ltr'>Pitholai</span> <span class='ocrx_word' id='word_1_334' title='bbox 561 1705 736 1733; x_wconf 82' lang='lat' dir='ltr'>carminibus</span> <span class='ocrx_word' id='word_1_335' title='bbox 753 1704 1033 1732; x_wconf 76' lang='lat' dir='ltr'>maledicentissimis</span> <span class='ocrx_word' id='word_1_336' title='bbox 1050 1703 1208 1732; x_wconf 82' lang='lat' dir='ltr'>laceratam</span> <span class='ocrx_word' id='word_1_337' title='bbox 1223 1703 1376 1731; x_wconf 74' lang='lat' dir='ltr'>existima-</span> 
     </span>
     <span class='ocr_line' id='line_1_39' title="bbox 150 1742 1377 1785; baseline -0.006 -7"><span class='ocrx_word' id='word_1_338' title='bbox 150 1750 255 1778; x_wconf 81' lang='lat' dir='ltr'>tionem</span> <span class='ocrx_word' id='word_1_339' title='bbox 281 1749 361 1777; x_wconf 78' lang='lat' dir='ltr'>civili</span> <span class='ocrx_word' id='word_1_340' title='bbox 386 1749 482 1776; x_wconf 81' lang='lat' dir='ltr'>animo</span> <span class='ocrx_word' id='word_1_341' title='bbox 506 1747 639 1776; x_wconf 80' lang='lat' dir='ltr'>tulit.-</span> <span class='ocrx_word' id='word_1_342' title='bbox 654 1743 841 1785; x_wconf 78' lang='lat' dir='ltr'>[concinnus]</span> <span class='ocrx_word' id='word_1_343' title='bbox 865 1747 1005 1783; x_wconf 85' lang='lat' dir='ltr'>‘gratum</span> <span class='ocrx_word' id='word_1_344' title='bbox 1035 1745 1066 1773; x_wconf 85' lang='lat' dir='ltr'>in</span> <span class='ocrx_word' id='word_1_345' title='bbox 1093 1745 1216 1773; x_wconf 88' lang='lat' dir='ltr'>modum</span> <span class='ocrx_word' id='word_1_346' title='bbox 1242 1742 1377 1772; x_wconf 61' lang='lat' dir='ltr'>mixtus!</span> 
     </span>
    </p>
   </div>
   <div class='ocr_carea' id='block_1_8' title="bbox 99 1786 1378 1826">
    <p class='ocr_par' dir='ltr' id='par_1_11' title="bbox 99 1786 1378 1826">
     <span class='ocr_line' id='line_1_40' title="bbox 99 1786 1378 1826; baseline -0.005 -6"><span class='ocrx_word' id='word_1_347' title='bbox 99 1792 106 1800; x_wconf 91' lang='lat'>&#39;</span> <span class='ocrx_word' id='word_1_348' title='bbox 151 1790 228 1820; x_wconf 89' lang='lat' dir='ltr'>Chio</span> <span class='ocrx_word' id='word_1_349' title='bbox 244 1790 324 1819; x_wconf 88' lang='lat' dir='ltr'>enim</span> <span class='ocrx_word' id='word_1_350' title='bbox 342 1790 412 1818; x_wconf 93' lang='lat' dir='ltr'>vino</span> <span class='ocrx_word' id='word_1_351' title='bbox 428 1788 518 1824; x_wconf 91' lang='lat' dir='ltr'>dulci,</span> <span class='ocrx_word' id='word_1_352' title='bbox 533 1788 582 1817; x_wconf 86' lang='lat' dir='ltr'>cui</span> <span class='ocrx_word' id='word_1_353' title='bbox 597 1798 675 1826; x_wconf 86' lang='lat' dir='ltr'>aqua</span> <span class='ocrx_word' id='word_1_354' title='bbox 693 1788 811 1817; x_wconf 82' lang='lat' dir='ltr'>marina</span> <span class='ocrx_word' id='word_1_355' title='bbox 826 1797 886 1816; x_wconf 91' lang='lat' dir='ltr'>non</span> <span class='ocrx_word' id='word_1_356' title='bbox 903 1788 1080 1820; x_wconf 83' lang='lat' dir='ltr'>addebatur,</span> <span class='ocrx_word' id='word_1_357' title='bbox 1103 1786 1254 1815; x_wconf 87' lang='lat' dir='ltr'>interdum</span> <span class='ocrx_word' id='word_1_358' title='bbox 1270 1786 1378 1814; x_wconf 87' lang='lat' dir='ltr'>misce-</span> 
     </span>
    </p>
   </div>
   <div class='ocr_carea' id='block_1_9' title="bbox 149 1828 1383 2380">
    <p class='ocr_par' dir='ltr' id='par_1_12' title="bbox 149 1828 1379 1914">
     <span class='ocr_line' id='line_1_41' title="bbox 149 1828 1379 1868; baseline -0.003 -6"><span class='ocrx_word' id='word_1_359' title='bbox 149 1835 224 1863; x_wconf 89' lang='lat' dir='ltr'>bant</span> <span class='ocrx_word' id='word_1_360' title='bbox 237 1832 401 1862; x_wconf 86' lang='lat' dir='ltr'>Falernum</span> <span class='ocrx_word' id='word_1_361' title='bbox 418 1838 580 1866; x_wconf 80' lang='lat' dir='ltr'>austerum,</span> <span class='ocrx_word' id='word_1_362' title='bbox 593 1831 674 1860; x_wconf 87' lang='lat' dir='ltr'>unde</span> <span class='ocrx_word' id='word_1_363' title='bbox 690 1836 852 1868; x_wconf 87' lang='lat' dir='ltr'>utrumque</span> <span class='ocrx_word' id='word_1_364' title='bbox 867 1839 945 1868; x_wconf 85' lang='lat' dir='ltr'>saepe</span> <span class='ocrx_word' id='word_1_365' title='bbox 961 1828 1154 1868; x_wconf 87' lang='lat' dir='ltr'>conjungitur</span> <span class='ocrx_word' id='word_1_366' title='bbox 1170 1828 1250 1867; x_wconf 83' lang='lat' dir='ltr'>apud</span> <span class='ocrx_word' id='word_1_367' title='bbox 1264 1834 1379 1866; x_wconf 76' lang='lat' dir='ltr'>poetas.</span> 
     </span>
     <span class='ocr_line' id='line_1_42' title="bbox 150 1871 996 1914; baseline -0.002 -10"><span class='ocrx_word' id='word_1_368' title='bbox 150 1891 192 1898; x_wconf 90' lang='lat'><strong>—</strong></span> <span class='ocrx_word' id='word_1_369' title='bbox 206 1873 306 1914; x_wconf 83' lang='lat' dir='ltr'>[nota]</span> <span class='ocrx_word' id='word_1_370' title='bbox 330 1876 337 1890; x_wconf 79' lang='lat'><em>⁶</em></span> <span class='ocrx_word' id='word_1_371' title='bbox 349 1874 410 1903; x_wconf 93' lang='lat' dir='ltr'>vini</span> <span class='ocrx_word' id='word_1_372' title='bbox 425 1883 522 1912; x_wconf 87' lang='lat' dir='ltr'>genus</span> <span class='ocrx_word' id='word_1_373' title='bbox 538 1873 626 1902; x_wconf 88' lang='lat' dir='ltr'>titulo</span> <span class='ocrx_word' id='word_1_374' title='bbox 642 1873 795 1911; x_wconf 86' lang='lat' dir='ltr'>amphorae</span> <span class='ocrx_word' id='word_1_375' title='bbox 810 1871 996 1902; x_wconf 85' lang='lat' dir='ltr'>indicatum.&#39;</span> 
     </span>
    </p>

    <p class='ocr_par' dir='ltr' id='par_1_13' title="bbox 151 1911 1382 2123">
     <span class='ocr_line' id='line_1_43' title="bbox 194 1911 1380 1956; baseline -0.005 -8"><span class='ocrx_word' id='word_1_376' title='bbox 194 1918 244 1948; x_wconf 83' lang='lat'>26.</span> <span class='ocrx_word' id='word_1_377' title='bbox 269 1915 375 1956; x_wconf 84' lang='lat' dir='ltr'>[causa</span> <span class='ocrx_word' id='word_1_378' title='bbox 398 1914 518 1954; x_wconf 80' lang='lat' dir='ltr'>Petilli]</span> <span class='ocrx_word' id='word_1_379' title='bbox 551 1916 674 1947; x_wconf 79' lang='lat' dir='ltr'>‘Quum</span> <span class='ocrx_word' id='word_1_380' title='bbox 690 1925 779 1944; x_wconf 87' lang='lat' dir='ltr'>causa</span> <span class='ocrx_word' id='word_1_381' title='bbox 803 1915 904 1952; x_wconf 88' lang='lat' dir='ltr'>aliqua</span> <span class='ocrx_word' id='word_1_382' title='bbox 925 1914 1098 1952; x_wconf 83' lang='lat' dir='ltr'>peragenda</span> <span class='ocrx_word' id='word_1_383' title='bbox 1122 1918 1167 1942; x_wconf 89' lang='lat' dir='ltr'>est</span> <span class='ocrx_word' id='word_1_384' title='bbox 1189 1911 1319 1942; x_wconf 84' lang='lat' dir='ltr'>difficilis</span> <span class='ocrx_word' id='word_1_385' title='bbox 1344 1920 1380 1942; x_wconf 81' lang='lat' dir='ltr'>ae</span> 
     </span>
     <span class='ocr_line' id='line_1_44' title="bbox 151 1953 1380 2000; baseline -0.005 -11"><span class='ocrx_word' id='word_1_386' title='bbox 151 1970 239 2000; x_wconf 85' lang='lat' dir='ltr'>paene</span> <span class='ocrx_word' id='word_1_387' title='bbox 255 1961 422 1998; x_wconf 76' lang='lat' dir='ltr'>desperata,</span> <span class='ocrx_word' id='word_1_388' title='bbox 437 1958 604 1996; x_wconf 82' lang='lat' dir='ltr'>cujusmodi</span> <span class='ocrx_word' id='word_1_389' title='bbox 628 1958 684 1987; x_wconf 84' lang='lat' dir='ltr'>fuit</span> <span class='ocrx_word' id='word_1_390' title='bbox 701 1957 810 1986; x_wconf 87' lang='lat' dir='ltr'>Petillii</span> <span class='ocrx_word' id='word_1_391' title='bbox 827 1955 993 1995; x_wconf 86' lang='lat' dir='ltr'>Capitolini</span> <span class='ocrx_word' id='word_1_392' title='bbox 1009 1957 1046 1985; x_wconf 90' lang='lat' dir='ltr'>de</span> <span class='ocrx_word' id='word_1_393' title='bbox 1060 1955 1141 1984; x_wconf 86' lang='lat' dir='ltr'>furto</span> <span class='ocrx_word' id='word_1_394' title='bbox 1163 1956 1279 1984; x_wconf 84' lang='lat' dir='ltr'>coronae</span> <span class='ocrx_word' id='word_1_395' title='bbox 1295 1953 1380 1983; x_wconf 79' lang='lat' dir='ltr'>Jovis</span> 
     </span>
     <span class='ocr_line' id='line_1_45' title="bbox 153 1997 1382 2041; baseline -0.006 -9"><span class='ocrx_word' id='word_1_396' title='bbox 153 2002 346 2041; x_wconf 89' lang='lat' dir='ltr'>injudicium</span> <span class='ocrx_word' id='word_1_397' title='bbox 362 2001 478 2030; x_wconf 72' lang='lat' dir='ltr'>vocati.y</span> <span class='ocrx_word' id='word_1_398' title='bbox 523 2001 585 2029; x_wconf 87' lang='lat' dir='ltr'>Sat.</span> <span class='ocrx_word' id='word_1_399' title='bbox 604 2000 630 2036; x_wconf 88' lang='lat'>1,</span> <span class='ocrx_word' id='word_1_400' title='bbox 647 2000 676 2035; x_wconf 84' lang='lat'>4,</span> <span class='ocrx_word' id='word_1_401' title='bbox 692 2000 741 2030; x_wconf 82' lang='lat'>94.</span> <span class='ocrx_word' id='word_1_402' title='bbox 768 2000 826 2028; x_wconf 88' lang='lat' dir='ltr'>Hic</span> <span class='ocrx_word' id='word_1_403' title='bbox 846 2008 918 2028; x_wconf 86' lang='lat' dir='ltr'>sane</span> <span class='ocrx_word' id='word_1_404' title='bbox 933 2008 994 2027; x_wconf 83' lang='lat' dir='ltr'>non</span> <span class='ocrx_word' id='word_1_405' title='bbox 1017 1998 1107 2027; x_wconf 88' lang='lat' dir='ltr'>nimis</span> <span class='ocrx_word' id='word_1_406' title='bbox 1123 1997 1289 2026; x_wconf 78' lang='lat' dir='ltr'>honorifice</span> <span class='ocrx_word' id='word_1_407' title='bbox 1304 1997 1382 2026; x_wconf 84' lang='lat' dir='ltr'>dura</span> 
     </span>
     <span class='ocr_line' id='line_1_46' title="bbox 153 2039 1382 2084; baseline -0.005 -11"><span class='ocrx_word' id='word_1_408' title='bbox 153 2047 218 2084; x_wconf 85' lang='lat' dir='ltr'>ejus</span> <span class='ocrx_word' id='word_1_409' title='bbox 237 2044 368 2073; x_wconf 89' lang='lat' dir='ltr'>hominis</span> <span class='ocrx_word' id='word_1_410' title='bbox 386 2053 476 2072; x_wconf 86' lang='lat' dir='ltr'>causa</span> <span class='ocrx_word' id='word_1_411' title='bbox 492 2042 612 2072; x_wconf 87' lang='lat' dir='ltr'>dicitur.</span> <span class='ocrx_word' id='word_1_412' title='bbox 636 2041 670 2082; x_wconf 77' lang='lat'>(⁴⁶</span> <span class='ocrx_word' id='word_1_413' title='bbox 685 2041 819 2080; x_wconf 88' lang='lat' dir='ltr'>Maligue</span> <span class='ocrx_word' id='word_1_414' title='bbox 838 2043 914 2071; x_wconf 84' lang='lat' dir='ltr'>dura</span> <span class='ocrx_word' id='word_1_415' title='bbox 926 2052 938 2075; x_wconf 90' lang='lat'><em>;</em></span> <span class='ocrx_word' id='word_1_416' title='bbox 961 2050 1032 2070; x_wconf 87' lang='lat' dir='ltr'>nam</span> <span class='ocrx_word' id='word_1_417' title='bbox 1053 2042 1091 2070; x_wconf 90' lang='lat' dir='ltr'>ab</span> <span class='ocrx_word' id='word_1_418' title='bbox 1108 2039 1273 2069; x_wconf 81' lang='lat' dir='ltr'>Octaviano</span> <span class='ocrx_word' id='word_1_419' title='bbox 1292 2040 1382 2068; x_wconf 82' lang='lat' dir='ltr'>abso-</span> 
     </span>
     <span class='ocr_line' id='line_1_47' title="bbox 153 2083 460 2123; baseline -0.01 -6"><span class='ocrx_word' id='word_1_420' title='bbox 153 2088 238 2117; x_wconf 90' lang='lat' dir='ltr'>lutus</span> <span class='ocrx_word' id='word_1_421' title='bbox 249 2087 324 2116; x_wconf 84' lang='lat' dir='ltr'>est.’&#39;</span> <span class='ocrx_word' id='word_1_422' title='bbox 349 2083 460 2123; x_wconf 82' lang='lat' dir='ltr'>Schol.)</span> 
     </span>
    </p>

    <p class='ocr_par' dir='ltr' id='par_1_14' title="bbox 153 2122 1383 2380">
     <span class='ocr_line' id='line_1_48' title="bbox 195 2122 1382 2168; baseline -0.008 -8"><span class='ocrx_word' id='word_1_423' title='bbox 195 2129 329 2164; x_wconf 82' lang='lat'><strong>27—30.</strong></span> <span class='ocrx_word' id='word_1_424' title='bbox 359 2127 496 2168; x_wconf 78' lang='lat' dir='ltr'>[Scilicet</span> <span class='ocrx_word' id='word_1_425' title='bbox 521 2123 817 2165; x_wconf 80' lang='lat' dir='ltr'>oblitus—Latine]</span> <span class='ocrx_word' id='word_1_426' title='bbox 849 2126 974 2158; x_wconf 78' lang='lat' dir='ltr'>‘Quum</span> <span class='ocrx_word' id='word_1_427' title='bbox 1002 2122 1241 2162; x_wconf 74' lang='lat' dir='ltr'>praestantissimi</span> <span class='ocrx_word' id='word_1_428' title='bbox 1271 2127 1382 2151; x_wconf 79' lang='lat' dir='ltr'>nostrae</span> 
     </span>
     <span class='ocr_line' id='line_1_49' title="bbox 153 2163 1381 2207; baseline -0.007 -6"><span class='ocrx_word' id='word_1_429' title='bbox 153 2172 250 2201; x_wconf 84' lang='lat' dir='ltr'>aetatis</span> <span class='ocrx_word' id='word_1_430' title='bbox 265 2177 398 2200; x_wconf 87' lang='lat' dir='ltr'>oratores</span> <span class='ocrx_word' id='word_1_431' title='bbox 416 2170 524 2199; x_wconf 87' lang='lat' dir='ltr'>Pedius</span> <span class='ocrx_word' id='word_1_432' title='bbox 539 2175 569 2198; x_wconf 87' lang='lat' dir='ltr'>et</span> <span class='ocrx_word' id='word_1_433' title='bbox 587 2170 715 2199; x_wconf 88' lang='lat' dir='ltr'>Messala</span> <span class='ocrx_word' id='word_1_434' title='bbox 726 2170 732 2182; x_wconf 84' lang='lat'>’</span> <span class='ocrx_word' id='word_1_435' title='bbox 749 2168 839 2206; x_wconf 92' lang='lat' dir='ltr'>(quos</span> <span class='ocrx_word' id='word_1_436' title='bbox 854 2165 890 2198; x_wconf 78' lang='grc' dir='ltr'>ἐν</span> <span class='ocrx_word' id='word_1_437' title='bbox 905 2163 1038 2207; x_wconf 82' lang='grc' dir='ltr'><em>παρόδῳ</em></span> <span class='ocrx_word' id='word_1_438' title='bbox 1058 2165 1240 2195; x_wconf 78' lang='lat' dir='ltr'>dexterrime</span> <span class='ocrx_word' id='word_1_439' title='bbox 1263 2163 1381 2202; x_wconf 81' lang='lat' dir='ltr'>laudat)</span> 
     </span>
     <span class='ocr_line' id='line_1_50' title="bbox 154 2206 1383 2251; baseline -0.007 -8"><span class='ocrx_word' id='word_1_440' title='bbox 154 2214 207 2243; x_wconf 87' lang='lat' dir='ltr'>‘in</span> <span class='ocrx_word' id='word_1_441' title='bbox 223 2224 259 2243; x_wconf 91' lang='lat' dir='ltr'>eo</span> <span class='ocrx_word' id='word_1_442' title='bbox 274 2223 393 2243; x_wconf 88' lang='lat' dir='ltr'>summo</span> <span class='ocrx_word' id='word_1_443' title='bbox 408 2222 498 2251; x_wconf 89' lang='lat' dir='ltr'>opere</span> <span class='ocrx_word' id='word_1_444' title='bbox 513 2213 679 2245; x_wconf 87' lang='lat' dir='ltr'>elaborent,</span> <span class='ocrx_word' id='word_1_445' title='bbox 704 2216 738 2240; x_wconf 83' lang='lat' dir='ltr'>ut</span> <span class='ocrx_word' id='word_1_446' title='bbox 753 2220 828 2249; x_wconf 90' lang='lat' dir='ltr'>puro</span> <span class='ocrx_word' id='word_1_447' title='bbox 849 2216 940 2248; x_wconf 87' lang='lat' dir='ltr'>atque</span> <span class='ocrx_word' id='word_1_448' title='bbox 961 2209 1091 2246; x_wconf 86' lang='lat' dir='ltr'>eleganti</span> <span class='ocrx_word' id='word_1_449' title='bbox 1115 2216 1254 2236; x_wconf 83' lang='lat' dir='ltr'>sermone</span> <span class='ocrx_word' id='word_1_450' title='bbox 1271 2206 1383 2236; x_wconf 85' lang='lat' dir='ltr'>Latino</span> 
     </span>
     <span class='ocr_line' id='line_1_51' title="bbox 154 2249 1383 2293; baseline -0.007 -8"><span class='ocrx_word' id='word_1_451' title='bbox 154 2265 259 2286; x_wconf 86' lang='lat' dir='ltr'>causas</span> <span class='ocrx_word' id='word_1_452' title='bbox 274 2262 375 2293; x_wconf 87' lang='lat' dir='ltr'>agant,</span> <span class='ocrx_word' id='word_1_453' title='bbox 402 2260 474 2284; x_wconf 83' lang='lat' dir='ltr'>tune</span> <span class='ocrx_word' id='word_1_454' title='bbox 490 2255 600 2284; x_wconf 87' lang='lat' dir='ltr'>oblitus</span> <span class='ocrx_word' id='word_1_455' title='bbox 616 2260 644 2283; x_wconf 90' lang='lat' dir='ltr'>te</span> <span class='ocrx_word' id='word_1_456' title='bbox 663 2255 834 2283; x_wconf 85' lang='lat' dir='ltr'>Romanum</span> <span class='ocrx_word' id='word_1_457' title='bbox 852 2262 928 2288; x_wconf 82' lang='lat' dir='ltr'>esse,</span> <span class='ocrx_word' id='word_1_458' title='bbox 954 2251 1042 2280; x_wconf 86' lang='lat' dir='ltr'>malis</span> <span class='ocrx_word' id='word_1_459' title='bbox 1062 2250 1152 2280; x_wconf 84' lang='lat' dir='ltr'>etiam</span> <span class='ocrx_word' id='word_1_460' title='bbox 1168 2250 1248 2288; x_wconf 80' lang='lat' dir='ltr'>apud</span> <span class='ocrx_word' id='word_1_461' title='bbox 1263 2249 1383 2286; x_wconf 76' lang='lat' dir='ltr'>judices</span> 
     </span>
     <span class='ocr_line' id='line_1_52' title="bbox 154 2291 1383 2336; baseline -0.007 -9"><span class='ocrx_word' id='word_1_462' title='bbox 154 2300 246 2327; x_wconf 81' lang='lat' dir='ltr'>verba</span> <span class='ocrx_word' id='word_1_463' title='bbox 268 2298 429 2336; x_wconf 85' lang='lat' dir='ltr'>peregrina</span> <span class='ocrx_word' id='word_1_464' title='bbox 451 2297 555 2336; x_wconf 87' lang='lat' dir='ltr'>patriis</span> <span class='ocrx_word' id='word_1_465' title='bbox 579 2296 772 2326; x_wconf 73' lang='lat' dir='ltr'>immiscere?</span> <span class='ocrx_word' id='word_1_466' title='bbox 808 2295 894 2324; x_wconf 85' lang='lat' dir='ltr'>Adeo</span> <span class='ocrx_word' id='word_1_467' title='bbox 917 2294 1026 2323; x_wconf 82' lang='lat' dir='ltr'>stultus</span> <span class='ocrx_word' id='word_1_468' title='bbox 1049 2298 1128 2322; x_wconf 85' lang='lat' dir='ltr'>certe</span> <span class='ocrx_word' id='word_1_469' title='bbox 1145 2292 1195 2320; x_wconf 90' lang='lat' dir='ltr'>vix</span> <span class='ocrx_word' id='word_1_470' title='bbox 1218 2291 1287 2326; x_wconf 77' lang='lat' dir='ltr'>eris,</span> <span class='ocrx_word' id='word_1_471' title='bbox 1311 2299 1383 2319; x_wconf 84' lang='lat' dir='ltr'>nam</span> 
     </span>
     <span class='ocr_line' id='line_1_53' title="bbox 155 2329 1381 2380; baseline -0.007 -10"><span class='ocrx_word' id='word_1_472' title='bbox 155 2346 345 2380; x_wconf 84' lang='lat' dir='ltr'>comparatus</span> <span class='ocrx_word' id='word_1_473' title='bbox 367 2349 435 2370; x_wconf 91' lang='lat' dir='ltr'>cum</span> <span class='ocrx_word' id='word_1_474' title='bbox 460 2339 529 2376; x_wconf 87' lang='lat' dir='ltr'>illis,</span> <span class='ocrx_word' id='word_1_475' title='bbox 555 2341 592 2369; x_wconf 87' lang='lat' dir='ltr'>ab</span> <span class='ocrx_word' id='word_1_476' title='bbox 615 2339 756 2369; x_wconf 88' lang='lat' dir='ltr'>omnibus</span> <span class='ocrx_word' id='word_1_477' title='bbox 782 2333 1188 2376; x_wconf 78' lang='lat' dir='ltr'>exploderere.’—[patriae</span> <span class='ocrx_word' id='word_1_478' title='bbox 1207 2329 1381 2374; x_wconf 75' lang='lat' dir='ltr'>patrisque]</span> 
     </span>
    </p>
   </div>
  </div>
 </body>
</html>
