1390 2586
53 91 123 131 μη.
135 93 161 118 ι.
178 81 247 126 m]
489 80 864 115 mmmmm-Amo.
1224 82 1306 126 139

53 187 120 225 ille,
141 188 221 224 licet,
245 190 319 217 tuuc
341 183 498 224 injiciebat
511 183 641 213 vadatus
664 193 791 213 manum
819 183 852 213 in
872 192 955 220 eum,
979 182 1032 222 qui
1055 193 1117 214 non
1140 184 1304 223 paruisset,

55 237 88 263 et
109 231 242 262 ducebat
259 228 292 259 in
309 227 481 268 judicium3
505 227 595 256 aliter
610 228 635 256 si
649 226 804 266 injecisset
818 236 956 263 manum,
976 227 1161 266 injuriarum
1183 233 1306 267 poterat

54 274 200 307 aoeunri.
236 272 336 304 Plaut.
359 271 453 301 Persa
469 271 498 307 4,
515 271 545 306 9,
561 271 591 307 8,
619 271 650 300 S.
673 271 750 310 Age,
770 271 891 300 ambula
913 269 1023 310 injus,
1046 272 1118 301 leno.
1159 272 1196 301 D.
1224 272 1307 304 Quid

55 327 102 350 ae
122 319 156 349 ὄπι
169 316 226 358 jas
248 315 357 347 vocas?
381 315 412 344 S.
428 315 510 344 Illim
533 315 616 353 apud
631 319 791 353 proetorem
816 314 924 349 dicam,
945 315 999 344 sed
1023 324 1076 354 ego
1101 316 1132 344 in
1147 313 1204 354 jus
1226 325 1303 346 voco.

57 361 97 392 D.
118 361 224 392 Nonne
237 359 424 390 antestaris?
461 359 492 387 S.
519 357 614 388 Tudn'
632 367 686 397 ego
704 358 806 391 causa,
829 355 984 396 carnusex,
1004 359 1170 397 Quoiquam
1184 360 1306 389 mortali

55 405 150 438 libem
163 412 251 435 auree
268 405 397 432 atteram
410 402 426 431 .⁹
448 403 522 431 Acr.
534 417 577 422 —
591 398 748 441 [Oppono]
774 403 781 416 ‘
797 401 942 434 Obverto‚
965 411 1027 439 quo
1050 401 1169 431 facilius
1191 402 1306 441 petitor

55 447 222 481 suriculam
237 442 384 487 (aurit-le)
400 445 593 484 prehendere
609 443 725 483 possit)
757 445 775 460 ‘⁶
789 444 936 474 Solebant
952 444 1076 474 testium
1092 454 1181 474 aures
1197 451 1305 476 tenere

56 495 89 524 nt
108 489 153 521 ita
172 489 283 526 dicere,
307 489 468 526 Memento,
491 489 570 528 quod
584 492 616 518 tu
632 488 703 517 mihi
726 488 757 517 in
777 488 833 517 illa
848 489 940 517 caasa
955 489 1040 518 testis
1055 490 1115 518 eris
1125 499 1136 522 ,·
1160 489 1243 527 quod
1259 494 1306 519 est

53 531 232 568 nummil’
253 533 326 563 Aer.
358 531 436 562 Plin.
461 531 510 566 ll,
533 531 604 567 103,
627 531 685 561 Est
707 532 739 560 in
759 541 833 561 aure
857 532 918 560 ima*
939 532 1085 561 memoriae
1107 532 1196 569 locus,
1219 543 1306 572 quem

53 580 209 618 montes
229 579 424 606 antestamur.
437 591 479 597 —-
493 572 620 615 [injus]
644 574 683 603 ad
705 580 934 613 recuperatores
950 575 998 604 vel
1020 575 1060 604 ad
1084 576 1306 606 centumvirale

49 618 264 663 ffldum—
276 616 430 659 [Clamor]
457 618 590 648 hominis
606 617 725 647 molesti
741 623 771 647 et
786 619 851 656 ejus
871 618 1049 654 adversarii,
1074 628 1135 656 quo
1151 619 1306 649 excitatur

51 661 363 698 &enmforaneorum
379 671 553 692 concursus.
564 677 607 683 —-
620 658 760 700 [Apollo]
786 658 988 697 ἀλεξίκακος,
1006 659 1250 701 ἀποτροπαῖος,
1271 667 1306 692 ut

52 705 204 745 benignus
225 711 385 745 poetarum
402 710 502 735 custos
523 710 554 734 et
575 705 726 734 defensor.
761 705 911 744 Porplzyr.
951 705 1039 734 lliad.
1057 715 1083 735 v.
1103 705 1176 742 443,
1200 704 1261 736 τὸν
1277 703 1305 736 δ’

51 746 239 791 ζήρπαξεν
267 745 448 780 Ἀπόλλων
472 745 562 778 “Pata
584 744 676 788 μάλ’,
700 746 784 779 ὥστε
811 746 898 785 θεὸς,
925 745 1070 789 ἐκάλυψε
1095 746 1124 779 δ’
1154 746 1205 791 ἄρ’
1232 746 1305 790 ἠέρι

52 791 174 836 uoui-

567 950 729 982 SATIRA
749 951 789 982 X.

48 1087 50 1089 ,
95 1055 233 1092 Alema.
258 1055 334 1086 Haec
362 1054 457 1086 satira
486 1053 699 1084 defensionem
728 1053 866 1085 continet
889 1053 1014 1094 judicii,
1043 1054 1129 1093 quod
1156 1053 1307 1084 Horatius

49 1099 155 1135 &tiri
169 1099 262 1139 hujus
277 1098 347 1129 libri
358 1098 470 1138 quarta
486 1098 523 1128 de
539 1098 657 1128 Lucilio
673 1103 875 1137 prompserat,
891 1100 929 1127 ab
945 1098 1138 1136 antiquariis,
1155 1097 1307 1137 perversis

47 1142 144 1184 husto
158 1149 256 1182 poetoe3
275 1141 446 1172 fautoribus
461 1141 574 1181 injuste
594 1142 784 1181 reprehensi,
807 1142 962 1181 simulque
979 1142 1077 1171 multa
1091 1151 1162 1171 cum
1178 1141 1306 1171 urbani-

51 1189 116 1218 ἡκ
129 1191 291 1223 monstrat,
313 1195 408 1224 quam
423 1185 524 1215 insciti
540 1185 602 1214 sint
622 1185 764 1215 homines
779 1190 872 1224 atque
888 1191 970 1215 recte
981 1184 1144 1224 judicandi
1160 1184 1306 1214 facultate

51 1229 202 1267 destituti,
220 1227 276 1268 qui
298 1235 422 1268 propter
444 1228 550 1258 odium
571 1228 718 1259 adversus
742 1229 893 1268 aequalem
909 1234 1044 1258 veterem
1061 1234 1184 1268 poetam
1200 1228 1308 1258 nimiis

49 1272 195 1305 laudibus
209 1272 370 1306 extollant,
385 1270 510 1311 egregia
524 1271 617 1302 simul
631 1272 706 1302 artis
720 1272 848 1312 poeticae
861 1278 1030 1313 praeceptat
1039 1273 1161 1302 radens.
1185 1272 1308 1312 Scripta

0 1351 1 1354 ,
50 1316 174 1349 videtur
189 1324 219 1346 A.
227 1323 259 1346 υ.
267 1323 296 1346 c.
311 1314 383 1351 723.

98 1358 190 1391 1—4.
215 1356 362 1399 [Nempe]
386 1363 432 1388 est
447 1357 669 1388 confirmantis.
694 1359 703 1374 ‘
716 1358 808 1389 Certe
831 1357 1005 1398 (certainly,
1023 1363 1052 1389 to
1070 1360 1103 1389 be
1120 1357 1205 1398 sare)
1230 1367 1305 1388 con-

52 1402 143 1434 fiteor
157 1412 207 1433 me
221 1402 358 1432 dixisse)
392 1402 465 1432 Aer.
501 1402 563 1432 Sat.
583 1401 610 1439 l,
626 1403 656 1438 4,
673 1402 702 1438 8,
724 1403 819 1432 durus
833 1412 1003 1441 componere
1018 1412 1129 1432 versus.
1140 1418 1184 1423 —-
1196 1403 1307 1432 incom-

47 1447 148 1486 posito
168 1443 260 1486 pede]
290 1447 299 1462 ⁴
313 1454 435 1484 asperos
464 1446 646 1483 scabrosque
675 1446 844 1484 permultos
877 1446 963 1476 esse.’
978 1462 1021 1467 —
1035 1444 1160 1485 [fautor
1188 1442 1304 1484 inepte]

51 1489 143 1529 ‘quis
152 1490 219 1529 jam
235 1494 298 1519 tam
317 1489 422 1527 inepto
443 1489 535 1518 modo
558 1488 677 1518 Lucilio
700 1489 790 1525 favet,
815 1494 850 1518 ut
873 1495 980 1528 aperta
1003 1490 1070 1528 ejus
1086 1489 1161 1518 vitia
1176 1495 1269 1527 neget
1280 1489 1305 1518 2’

51 1547 96 1557 -ν
107 1530 283 1573 [defricuit]
309 1532 352 1562 Ut
367 1532 454 1562 dolor
468 1532 577 1567 oritur,
592 1532 644 1562 ubi
660 1532 722 1562 sale
739 1532 904 1562 defricetur
919 1532 998 1562 cutis
1014 1532 1164 1562 vibicibus
1180 1533 1228 1562 vel
1244 1531 1306 1562 alio

52 1584 114 1615 quo
128 1577 220 1606 modo
235 1576 316 1612 laesa,
339 1575 384 1605 sic
404 1575 456 1605 ille
475 1575 619 1605 ridiculos
643 1582 674 1605 et
697 1585 856 1615 perversos
880 1576 1047 1614 aequalium
1071 1585 1172 1605 mores
1197 1577 1306 1605 acerbe

51 1618 230 1658 castigando
257 1619 369 1649 multos
395 1619 483 1655 laesit,
508 1619 581 1648 dum
605 1619 719 1648 salibus
745 1629 780 1649 ac
803 1619 920 1649 facetiis
943 1619 991 1654 iis,
1017 1629 1094 1658 quos
1118 1629 1180 1649 non
1207 1624 1304 1654 notat,

44 1661 148 1694 sinum
165 1662 339 1693 excitat.—-
351 1659 492 1702 [chartd]
517 1662 569 1691 ‘in
585 1663 694 1692 eadem
710 1662 763 1692 illa
780 1663 880 1692 Satira
898 1662 925 1698 l,
944 1663 972 1699 4,
987 1663 1026 1698 7.’

94 1705 126 1736 6.
149 1703 297 1746 [Laberi]
322 1705 456 1735 Macrob.
475 1707 536 1735 Sat.
553 1706 582 1741 2,
599 1705 628 1741 7,
645 1706 684 1735 D.
700 1706 874 1741 Laberium,
887 1716 1001 1746 asperae
1013 1707 1164 1736 libertatis
1176 1707 1306 1746 equitem

48 1747 226 1783 ‘Romanum
244 1749 347 1779 Caesar
360 1750 532 1789 quingentis
543 1750 674 1779 millibus
694 1750 843 1786 invitavit,
866 1754 900 1779 ut
921 1751 1059 1789 prodiret
1083 1751 1114 1779 in
1137 1760 1255 1780 scenam
1275 1754 1306 1780 et

51 1790 116 1832 (pse
131 1795 235 1832 ageret
252 1793 362 1828 mimos,
385 1802 456 1831 quos
475 1793 680 1831 scriptitabat.
726 1793 786 1823 Sed
798 1797 932 1832 potestas
947 1804 1003 1823 non
1018 1794 1120 1829 solum,
1144 1794 1172 1823 si
1187 1794 1303 1828 invitet,
1346 1794 1352 1800 '

45 1835 107 1870 ,κά
119 1836 210 1866 etiam
223 1836 251 1866 si
265 1837 422 1874 supplicet,
437 1836 517 1875 cogit
527 1847 539 1869 ‚·
563 1837 641 1866 unde
661 1847 691 1867 se
716 1841 745 1866 et
766 1837 916 1867 Laberius
938 1847 957 1866 a
975 1837 1094 1866 Caesare
1117 1841 1251 1866 coactum
1273 1838 1306 1866 in

50 1876 181 1918 Prologo
207 1882 335 1908 testatur
360 1879 407 1908 lais
432 1879 576 1917 versibus,
599 1886 655 1910 cet.
701 1879 848 1918 Sequitur
872 1880 1020 1919 Prologus
1046 1879 1172 1919 optimis
1196 1879 1305 1918 utique

47 1924 56 1954 s
93 1921 153 1952 esis
171 1921 289 1953 Latine
305 1922 515 1951 monumentis
530 1923 781 1953 adnumerandus
795 1935 802 1959 ς
826 1933 933 1953 verum
949 1923 1036 1952 mimi
1054 1923 1112 1962 ipsi
1126 1933 1188 1952 non
1204 1923 1307 1952 solum

106 1964 194 2001 ratio,
220 1965 274 1994 sed
297 1965 390 1994 etiam
406 1965 547 1994 Ciceroni
565 1965 647 1995 haud
674 1965 767 1996 nimis
788 1967 960 2005 placebant.
1007 1967 1056 1996 Ad
1079 1967 1166 1996 Fam.
1187 1965 1236 2001 12,
1255 1966 1305 2003 18,

45 2004 200 2051 ·ῌᾳκωεω
214 2006 334 2048 aicjam
349 2009 478 2038 obdurui
493 2005 541 2048 (Α.
560 2016 590 2039 U.
606 2017 633 2039 e.
649 2009 726 2049 709)
740 2014 774 2039 ut
789 2011 869 2040 ludis
883 2011 1012 2040 Caesaris
1027 2011 1123 2040 nostri
1137 2010 1306 2049 oeqaissimo

43 2052 152 2090 *imo
162 2053 351 2082 —audirem
366 2051 492 2082 Laberii
507 2056 535 2082 et
550 2052 655 2083 Publii
672 2052 772 2093 (Syri)
785 2058 934 2092 poemata.

80 2093 171 2131 ,7-1
179 2095 208 2125 2.
233 2094 391 2134 [diducere
420 2093 544 2135 rictum]
579 2097 587 2111 ¹
601 2096 744 2126 lectorem
774 2098 822 2126 vel
852 2097 986 2126 invitum
1016 2096 1056 2125 ad
1087 2095 1185 2125 risum
1216 2095 1304 2135 quasi

45 2144 169 2176 mere,
193 2137 223 2168 ei
239 2138 335 2168 risum
351 2137 510 2177 profusum
531 2147 653 2168 movere
665 2139 684 2175 ς’
708 2141 716 2155 ‘
731 2140 940 2179 quamquam,’
957 2139 1071 2178 inquit,
1087 2140 1095 2155 ‘
1108 2139 1165 2169 hoc
1181 2149 1306 2179 quoque

47 2186 116 2217 gu
139 2181 304 2212 minimum
334 2181 446 2211 satirici
477 2187 576 2220 poetae
599 2187 646 2212 est
674 2183 895 2213 meritum.’-
913 2180 1050 2223 [currat]
1086 2183 1206 2212 ‘multa
1234 2193 1306 2213 cum

46 2221 200 2255 Mur-te
214 2225 429 2264 progrediatur
444 2234 544 2263 neque
560 2225 712 2255 claudicet
727 2235 804 2255 neve
819 2226 962 2256 insistat!
1010 2225 1224 2264 Reprehendit
1240 2227 1306 2257 Lu-

45 2264 117 2300 dffi
128 2267 343 2299 verbositatem
360 2268 599 2306 frequentesque
614 2278 633 2298 a
648 2278 680 2298 re
696 2269 919 2307 degressiones‚
932 2269 1044 2308 quibus
1057 2269 1138 2298 vitiis
1153 2269 1304 2309 defatiga-

51 2302 144 2342 fflr
163 2311 267 2343 lector.
314 2311 379 2341 Nec
395 2311 469 2341 satis
489 2311 578 2341 illum
598 2318 696 2341 artem
712 2313 852 2343 calluisse
868 2313 1031 2351 significat,
1057 2314 1168 2348 tristia,
1192 2313 1224 2343 id
1248 2320 1305 2350 est,

50 2351 205 2394 mbae
219 2353 308 2391 seria,
317 2354 431 2394 jocosis
447 2354 651 2394 immiscendi,
665 2356 719 2386 sed
731 2356 801 2396 Joca
816 2356 907 2387 unice
922 2363 1069 2396 captasse.
1112 2356 1305 2387 ‘Satirarum
