1390 2586
468 83 846 116 lauantemne.
1211 82 1294 125 185

34 185 155 231 integro
177 189 210 220 in
231 196 355 219 anunm
378 186 514 216 revocari
540 186 606 226 ipse
630 195 663 216 se
686 185 822 225 patiatur
845 184 952 224 populi
980 185 1089 224 plausu
1107 185 1154 215 vel
1178 195 1294 224 magno

34 237 262 266 auctoramento
275 230 440 261 inductus)
450 246 493 251 —
506 227 658 270 [extrema
669 246 713 250 —
723 226 835 268 arend]
852 235 936 258 stans
948 229 986 259 ad
1003 228 1193 268 crepidinem
1210 229 1293 265 circi,

36 288 61 309 ι.
74 276 213 318 proxime
226 274 362 315 podium,
378 273 431 303 ubi
447 281 536 303 erant
552 273 643 312 primi
660 278 910 312 spectatores.—
924 269 1047 312 [toties]
1073 273 1081 288 ⁸
1092 282 1193 311 neque
1209 273 1294 302 idem

35 320 168 352 frum·
221 317 356 358 optimis
380 317 463 347 enim
493 317 668 355 quibusque
692 315 916 354 gladiatoribus
940 322 1066 355 propter
1090 316 1170 346 banc
1194 316 1294 355 ipsam

36 362 244 406 pru-tumim
261 361 415 392 difficilius
432 361 540 390 rudem
560 361 633 390 dare
649 360 790 399 popellus
805 359 932 395 solebat,
950 360 1048 389 donec
1064 360 1206 399 precibus
1221 358 1293 389 sati-

35 413 126 447 μιν
140 407 262 437 tandem
279 404 464 435 vinceretur.

77 450 109 487 7.
131 447 205 490 [Eu
233 445 435 488 nihi—qui]
469 446 591 477 Persius
621 447 653 483 5,
677 445 729 483 96,
756 447 825 476 Smt
852 450 955 476 contra
986 447 1066 476 ratio
1090 450 1119 476 et
1149 450 1294 477 secretam

16 494 141 534 ,εικῆ
161 493 194 523 in
221 488 571 531 aurem—[personet]
597 491 704 524 active,
729 496 764 519 ut
789 489 852 519 Cic.
875 490 912 519 ad
935 490 1020 520 Fam.
1046 490 1076 526 6,
1104 490 1153 526 18,
1177 490 1207 527 4,
1222 489 1294 530 jam

16 558 18 560 -
36 540 134 568 men
147 545 308 574 personare
322 545 412 566 aures
425 533 490 574 ejus
505 533 673 573 hujusmodi
688 534 806 563 vocibus
821 544 877 563 non
890 538 935 564 est
951 534 1067 563 inutile.

75 578 191 610 8—10.
216 576 336 619 [Solve]
361 577 416 607 ‘Si
439 577 521 616 sapis
537 576 653 616 (sanus,
675 582 709 606 ut
733 577 796 606 Sat.
821 576 849 611 1,
869 578 900 613 5,
925 576 991 616 44),
1008 577 1142 616 dejunge
1166 576 1198 606 in
1223 587 1295 616 per·

110 632 162 652 um
178 632 196 652 a
212 632 303 652 curru
316 631 430 660 equum
445 626 665 655 senescentem,
678 620 932 658 vacationemque
948 621 976 649 ei
992 621 1031 649 da
1047 622 1084 649 ab
1101 620 1185 649 omni
1202 630 1295 660 opere

33 665 222 697 nubet-um
241 663 394 703 (ἄνετον)
411 664 476 694 sine
500 663 593 703 pasci,
616 663 667 693 ubi
684 664 771 693 vult.’
785 661 981 703 —[Peccet]
1006 666 1014 679 ‘
1028 673 1066 693 ne
1090 663 1237 694 continuo
1261 664 1295 694 in

34 708 110 741 -xn
125 708 279 748 impingat
294 714 347 738 aut
362 707 450 738 humi
466 707 652 747 prolabatur,
668 707 711 736 ita
727 713 762 736 ut
780 707 914 736 eundem
930 707 1029 742 illum,
1047 708 1134 746 cujus
1156 707 1295 746 vigorem

33 751 278 784 aevetocitatem
304 751 377 782 olim
402 760 508 781 omnes
532 751 776 787 admirabantur,
802 756 957 789 postremo
976 750 1205 781 derideant.’—
1222 749 1296 790 [ilia

33 793 143 836 ducat]
178 797 279 834 ‘aegre
308 795 451 834 spiritum
480 794 592 829 ducat‚'
622 793 820 832 ‘frequenter
851 794 997 824 anhelet.’
1037 794 1150 832 Ibycus
1183 794 1235 824 Fr.
1263 796 1293 825 2.

32 838 220 870 Schneidev.
235 849 265 878 p.
281 839 335 877 95,
351 835 453 868 ’Ὥστε
469 834 642 879 φερέζυγος
662 834 773 874 ἰ’ππος
794 835 1000 879 ἀεθλοφόρος
1014 836 1093 868 ποτὶ
1112 835 1198 878 γήρᾳ
1221 835 1295 868 Ἀέ-

33 891 102 913 tuv
127 881 191 912 σὺν
214 879 331 923 ὄχεσφι
355 881 452 918 θοοῖς
474 879 507 918 ἐς
529 877 681 922 ἅμιλλαν
706 878 779 919 ἔβα.
824 881 947 910 Ennius
972 882 1055 920 apud
1079 882 1143 911 Cic.
1171 883 1238 912 Cat.
1263 883 1295 918 5,

33 925 122 956 Sient
134 923 231 965 fortis
256 935 357 966 equus,
382 927 480 963 spatio
504 927 557 965 qui
579 935 657 964 saepe
680 935 816 964 supremo
836 925 917 955 Vicit
941 925 1090 964 Olympia,
1113 935 1192 956 nunc
1214 926 1296 956 senio

35 966 182 1007 πρίει-ια’
197 970 385 1009 quiescit.-
396 965 548 1008 [ludicra]
573 977 704 1004 amoreS,
717 969 814 1007 jocos,
828 968 979 1003 convivia,
995 971 1050 998 διε.

80 1011 214 1043 11-15,
240 1009 373 1051 [terum]
398 1011 468 1041 Non
486 1017 548 1041 tam
565 1017 682 1050 spectat
694 1012 733 1040 ad
749 1011 1017 1050 investigationem
1035 1017 1153 1042 naturae
1166 1013 1295 1052 ejusque

32 1054 253 1094 coguitionem.
282 1065 374 1094 quam
402 1055 440 1084 ad
472 1053 598 1092 ἠθικὴν
623 1054 827 1094 philosophiae
854 1053 1190 1096 partem.—[decens]
1217 1057 1295 1086 ‘ho-

33 1096 367 1138 anatome—[omnic]
391 1099 454 1128 Sat.
482 1098 510 1135 l,
537 1099 567 1135 9,
592 1099 622 1134 2,
647 1102 726 1128 totus
751 1100 783 1128 in
807 1096 1064 1138 illis.—[Condo
1086 1104 1116 1129 et
1140 1098 1293 1140 compono]

34 1141 47 1162 ⁸
57 1141 137 1175 Quae
151 1141 271 1180 collegi,
295 1141 384 1181 quasi
399 1141 432 1171 in
448 1142 559 1171 horreo
574 1142 622 1171 vel
637 1142 714 1171 cella
729 1142 858 1180 penaria
873 1151 989 1181 repono
1005 1148 1035 1172 et
1051 1143 1171 1179 ordino,
1196 1149 1231 1173 ut
1246 1143 1297 1183 iis,

34 1184 88 1216 ubi
104 1189 227 1224 tempus
242 1185 428 1224 requisierit,
451 1185 539 1215 facile
561 1190 631 1215 utar
646 1195 810 1224 meamque
825 1185 856 1214 in
873 1195 938 1215 rem
955 1186 1211 1216 transferam.'—
1222 1185 1294 1227 [de-

30 1226 183 1269 promere]
208 1229 292 1258 velut
309 1228 426 1268 peritus
442 1238 477 1258 ac
492 1229 618 1258 sedulus
632 1238 758 1267 promus
777 1229 956 1259 condus.——
967 1227 1031 1269 [Ac
1046 1241 1082 1260 ne
1088 1228 1174 1269 sorte
1188 1229 1293 1271 roges]

33 1270 129 1302 ‘Noli
151 1276 256 1302 autem
275 1271 396 1311 opinari
418 1281 479 1308 me,
505 1277 540 1302 ut
562 1272 719 1311 plerisque
740 1282 824 1301 nunc
848 1282 914 1302 mos
935 1278 990 1309 est,
1016 1279 1131 1303 certam
1154 1274 1295 1313 aliquam

36 1313 232 1354 disciplinam
261 1315 359 1354 sequi,
389 1324 439 1344 me
463 1325 529 1344 esse
559 1319 613 1344 aut
637 1325 758 1344 merum
784 1315 973 1355 Epicureum
1000 1323 1053 1346 aut
1079 1317 1215 1346 Stoicum
1241 1323 1297 1347 aut

35 1355 441 1398 AudemicumJ—[Dus]
460 1358 747 1396 ‘auctet-‚conditor
757 1366 847 1388 sectae
860 1358 1185 1400 alicujus.’-—[Lare]
1203 1361 1296 1390 Voce.

25 1398 153 1442 finilia
168 1407 200 1431 et
213 1402 316 1432 domus
331 1401 522 1432 consuetudo
535 1401 646 1431 Latina
662 1411 716 1440 pro
732 1402 986 1441 philosophorum
1002 1404 1092 1432 sectis
1109 1405 1294 1443 usurpabat:

34 1444 135 1475 omnis
157 1450 261 1474 autem
285 1445 388 1475 domus
404 1445 513 1476 Larem
538 1445 640 1481 habet,
665 1445 718 1484 qui
734 1443 889 1484 familiam
914 1452 1036 1482 tuetur;
1057 1447 1100 1476 sic
1123 1447 1296 1486 Epicureus

33 1485 70 1519 Ξ.
93 1487 192 1518 tutela
217 1493 266 1518 est
294 1488 442 1518 doctrinae
471 1488 611 1527 magistri
635 1486 921 1528 sui.—[Nullius]
951 1490 1066 1529 Supple
1091 1490 1295 1528 cogitatione:

34 1529 158 1568 ‘scium’
179 1531 242 1562 ‘sic
255 1531 389 1568 habeto,’
405 1541 455 1562 me
476 1529 661 1563 ἐκλεκτικὸν
678 1532 894 1571 philosophum
918 1542 993 1563 esse.
1038 1534 1191 1574 Magister
1210 1535 1295 1564 Sam-

34 1574 143 1605 nitium
165 1584 222 1614 pro
245 1575 359 1605 lanista
379 1574 503 1605 samitiae
525 1575 717 1614 gladiatoriae
741 1581 788 1605 est
805 1577 871 1614 jam
893 1577 975 1615 apud
992 1576 1055 1606 Cic.
1073 1578 1110 1607 de
1127 1578 1180 1607 Or.
1196 1577 1226 1614 3,
1243 1578 1294 1608 23.

36 1615 156 1658 lucius
172 1619 265 1648 verba
286 1624 390 1648 autem
410 1620 569 1657 jurabant,
589 1619 643 1658 qui
667 1629 698 1649 se
721 1621 931 1649 auctorabant.
965 1620 1027 1650 Sat.
1044 1621 1073 1655 2,
1091 1620 1121 1657 7,
1139 1621 1190 1651 58.
1227 1622 1295 1651 Ad-

35 1659 134 1691 diam
148 1666 252 1692 autem
267 1671 313 1702 pr.
328 1661 382 1701 qui
397 1663 436 1692 ob
452 1672 493 1691 aes
508 1661 656 1699 alienum,
673 1672 769 1701 quum
784 1663 931 1692 solvendo
947 1673 1008 1693 non
1029 1664 1078 1700 sit,
1102 1674 1139 1693 ex
1156 1664 1297 1703 praetoris

34 1703 137 1734 edicto
151 1705 283 1734 traditur
298 1705 452 1742 creditori,
469 1705 523 1744 qui
538 1706 570 1735 in
588 1716 698 1744 corpus
712 1707 779 1745 ejus
789 1707 841 1745 jus
857 1706 969 1736 habeat
985 1713 1017 1736 et
1033 1713 1191 1746 tamquam
1208 1718 1296 1738 servo

36 1751 151 1784 ututur,
175 1748 272 1778 donec
286 1749 394 1778 solvat.
439 1750 588 1779 Addiccus
605 1749 710 1788 igitur,
737 1754 770 1779 ut
781 1749 894 1791 jurem,
914 1750 964 1791 &a
980 1756 1044 1780 est:
1071 1752 1078 1766 ‘
1091 1751 1243 1782 obnoxius
1265 1757 1297 1782 et

35 1791 122 1821 velut
138 1791 167 1820 vi
182 1797 306 1822 coactus
322 1798 436 1822 certam
453 1793 608 1831 quandam
625 1793 796 1823 doctrinam
812 1794 956 1833 amplecti
972 1804 1007 1823 ac
1023 1804 1062 1824 ne
1084 1800 1296 1825 transversum

36 1833 164 1873 quidem
185 1844 321 1873 unguem
346 1836 384 1865 ab
403 1836 442 1864 ea
465 1835 642 1866 discedere)
656 1834 904 1877 --[!empestas]
932 1839 939 1853 ‘
953 1838 1092 1877 Hospitis
1112 1838 1218 1874 instar,
1242 1838 1296 1878 qui

36 1881 153 1908 certam
169 1878 274 1907 sedem
291 1887 352 1907 non
368 1878 471 1915 babet,
497 1880 550 1909 sed
565 1879 754 1910 deverticula
768 1890 890 1919 semper
905 1887 1014 1916 mutat,
1037 1891 1119 1911 nunc
1143 1882 1201 1911 hac
1222 1882 1295 1911 doc-

35 1919 120 1951 trina
136 1926 216 1956 utor,
239 1930 322 1951 nunc
337 1922 402 1958 illa,
422 1928 513 1960 prout
527 1922 560 1952 in
578 1923 634 1952 hac
649 1924 742 1953 illave
762 1930 849 1962 parte
871 1926 987 1964 majore
1006 1926 1223 1964 probabilitate
1245 1935 1296 1955 me

34 1962 133 1994 allicit
145 1970 176 1993 et
191 1964 362 1994 conducere
377 1964 454 1994 mihi
468 1965 609 1995 videtur!

82 2005 131 2042 16,
159 2006 207 2042 17.
233 2005 356 2047 [agilis]
381 2008 451 2037 Non
480 2015 526 2038 est
557 2009 682 2045 'facilis,
712 2009 845 2047 mobilis,
870 2011 1050 2041 versatilis:'
1075 2012 1138 2048 sed,
1163 2011 1297 2051 ‘agendi

37 2050 180 2090 cupidus,
196 2057 349 2087 actuosus,
367 2051 570 2091 πρακτικὸς,’
586 2059 620 2082 ut
637 2053 716 2092 Epp.
735 2053 763 2090 1,
782 2053 831 2090 18,
851 2055 956 2094 jungit
971 2056 1080 2094 agilem
1095 2066 1295 2095 gnavumque.

35 2090 222 2134 ²·-·-[mersor
235 2095 372 2124 civilibus
388 2093 492 2134 undis]
518 2095 580 2125 Res
601 2096 715 2134 civiles,
736 2097 768 2126 in
789 2098 897 2136 primis
921 2099 1084 2128 conciones
1108 2104 1138 2128 et
1161 2098 1295 2134 comitia,

94 2142 163 2176 pter
178 2137 411 2167 instabilitatem
427 2148 510 2167 aurae
529 2139 686 2178 popularis
708 2150 743 2169 ac
763 2141 949 2180 multiplices
974 2143 1080 2170 turbas
1099 2144 1205 2171 crebro
1225 2152 1296 2172 cum

112 2179 181 2210 'hus
206 2180 502 2220 tempestatibusque
528 2188 754 2221 comparantur.
800 2184 919 2215 Mersor
942 2190 1045 2214 autem
1070 2185 1296 2223 significatione

30 2218 144 2266 (ἧι-ωε
165 2223 286 2261 mediae,
313 2221 491 2266 εἶσόύομαι,
518 2223 664 2265 ἐμαυτὸν
688 2223 860 2267 ἐμβάλλω,
885 2233 931 2257 est
955 2229 1098 2267 ‘prorsus
1122 2231 1297 2265 absorbeor,

40 2261 174 2306 ffiipior
188 2268 280 2297 rebus
299 2267 460 2304 civilibus,’
478 2270 604 2298 ‘omnes
627 2279 712 2299 meas
736 2280 823 2300 curas
843 2271 875 2300 in
898 2271 935 2300 iis
958 2271 1132 2310 defigo.’-
1145 2270 1299 2313 [Virtutis

42 2306 136 2351 m]
158 2316 192 2340 ut
207 2320 290 2341 nunc
307 2310 425 2348 dicunt,
449 2312 565 2348 idealt's,
586 2313 710 2351 qualem
727 2313 820 2344 Stoici
845 2313 1058 2352 informarant‚
1082 2326 1150 2355 quae
1172 2321 1300 2356 propter
