1390 2586
52 86 122 117 m
136 87 162 113 1.
175 77 223 121 5.]
485 75 856 108 INTERPRETATIO.
1210 73 1293 116 199

94 181 128 220 8,
147 180 179 218 7.
202 175 337 222 [mma]
366 178 527 208 dumtaxat
550 179 685 208 brutum.
699 193 742 198 —
756 173 856 217 [eras]
882 177 1032 215 ‘semper,
1054 185 1092 206 ex
1120 185 1181 215 quo
1207 176 1288 206 inter

55 234 111 257 nu
132 222 244 255 verm-i
267 221 383 261 coepisti
412 231 530 261 egoque
562 228 591 251 te
619 218 823 260 cognovi.’——
839 218 918 259 [sine
945 217 1081 260 pectore]
1113 221 1192 249 ‘non
1219 229 1286 249 eras

55 277 172 306 em
189 265 309 299 unimus
323 270 394 295 tuus
412 271 443 295 et
463 270 550 295 tener
570 270 636 295 erat
655 264 687 294 in
711 262 856 298 amicitia,
882 269 912 292 et
932 263 996 292 veri
1019 263 1149 302 cupidus
1165 268 1195 292 et
1216 263 1286 301 pul·-

55 310 120 344 ὠή
142 318 234 342 meu
255 308 370 339 eximie
390 308 558 347 praeditus!
580 307 718 348 (without
738 304 931 346 sensibility.)
976 306 1107 339 Quintil.
1126 306 1173 342 10,
1190 306 1220 342 7,
1240 305 1289 341 15,

176 356 230 390 eet,
249 353 327 392 qnod
347 352 474 382 disertos
488 349 572 391 facit
592 356 621 382 et
643 353 686 381 vis
707 351 822 380 mentis.
835 365 878 371 ——
894 347 1059 390 [formam]
1077 350 1147 379 Vita
1161 349 1290 388 antiqua

57 396 181 431 muni.
193 395 327 436 Insignis
339 393 407 433 fuit
420 393 524 434 sormd
547 396 686 435 cultuque
708 394 838 432 corporis
856 394 1056 423 observabilis.
1071 410 1114 414 —
1131 390 1286 432 [divitias]

53 440 158 482 qula
170 448 242 470 mox
253 438 426 468 accuratius
441 439 582 477 designat
593 448 619 467 v.
632 437 680 473 il,
696 441 726 466 et
744 436 884 466 Tibullus
895 436 960 475 ipse
976 437 1014 466 de
1030 446 1072 472 se,
1089 437 1115 471 l,
1131 436 1157 472 1,
1171 436 1222 472 77,
1235 446 1289 476 ego
1332 445 1341 456 ·

169 483 176 492 “
225 492 347 513 securus
362 492 467 512 acervo
481 482 651 521 Despiciam
667 481 744 510 dites
759 481 976 520 despiciamque
987 478 1110 519 samem.
1123 496 1166 501 —-
1183 479 1290 520 [dede-

51 523 139 567 nu]
157 526 223 556 Hac
240 525 444 565 perfectorum
465 525 636 564 quantitate
656 533 736 563 saepe
759 523 806 553 usi
826 529 898 553 sunt
911 528 1021 562 poetae.
1065 523 1151 561 Virg.
1170 523 1243 553 AEn.
1260 523 1290 560 2,

51 567 124 606 774,
140 569 287 608 Obstupui
299 573 504 609 steteruntque
515 579 603 599 comae
617 572 647 598 et
659 578 715 598 vox
724 564 870 605 saucibus
883 568 979 597 haesit.

93 612 123 644 8.
139 609 322 652 [nutricula]
342 612 451 642 Totam
466 612 633 642 clausulam
655 610 698 640 sic
718 609 889 639 construxit
905 609 1088 640 Lambinus:
1113 609 1132 625 “
1144 609 1292 646 Alumno,

52 655 106 696 qui
125 664 232 695 sapere
254 660 286 685 et
301 655 358 685 sari
380 655 476 694 possit
494 666 563 694 quae
584 654 706 689 sentiat,
721 659 751 683 et
766 653 815 682 cui
829 654 938 692 gratia,
953 653 1044 690 fama,
1059 654 1203 683 valetudo
1218 662 1292 682 con-

52 698 151 738 tingat
171 699 294 729 abunde
317 705 348 728 et
373 699 506 728 mundus
531 698 637 733 victus,
657 699 724 732 &c.‚
750 696 825 735 quid
854 697 1008 727 nutricula
1031 702 1116 736 optet
1140 695 1293 736 majus?'’

52 739 80 782 (⁸
89 742 191 781 Atque
220 741 286 771 haec
313 741 428 778 omnia,
455 742 566 780 quibus
595 751 633 771 ne
662 739 951 771 benevolentissima
983 741 1109 779 quidem
1138 739 1294 770 nutricula

50 785 168 824 majora
182 785 307 815 alumno
321 790 426 824 optare
440 785 546 824 possit,
561 790 592 814 tu
608 794 714 824 reapse
730 783 826 813 habes
839 794 846 812 :
870 793 943 823 ergo
961 785 1032 823 jure
1048 784 1101 813 tua
1116 782 1293 813 conditione

50 833 213 860 contentus
231 828 301 867 es.')

95 871 210 903 9—11.
235 869 354 911 [sapere
375 875 405 901 et
417 868 502 911 sari]
518 872 619 901 ‘recte
640 870 775 909 cogitare
792 870 949 910 (quocirca
970 870 1063 900 etiam
1086 869 1197 900 rationi
1221 879 1294 900 con-

52 914 213 944 venienter
226 913 322 951 vivet)
338 914 530 954 facundeque
551 923 660 944 sensus
682 923 752 945 suos
768 914 920 954 explicare
936 919 1027 952 atque
1044 924 1113 943 cum
1129 913 1196 943 aliis
1211 923 1296 943 com-

53 957 230 988 municare-⁹
244 973 288 979 —-
303 955 363 998 [Ee
377 959 502 988 mundus
515 955 627 997 victus]
643 958 735 988 Corn.
751 959 829 997 Nep.
846 959 909 988 Att.
928 957 977 994 13,
989 958 1019 994 5,
1034 958 1121 987 Omni
1135 958 1296 997 diligentia

53 1001 239 1036 nunditiam,
266 1011 324 1031 non
347 1002 528 1039 affluentiam
553 1002 725 1042 affectabat.
781 1002 914 1032 Mundus
942 1008 989 1031 est
1011 998 1177 1041 καθάριος,
1200 1010 1298 1040 purus

107 1043 155 1074 'us
168 1041 254 1074 καθα
282 1041 292 1052 ’
311 1066 319 1074 .

97 1086 229 1119 12-14-
247 1053 348 1127 [iazer
360 1085 456 1127 spem]
474 1085 572 1118 Addit
586 1085 727 1128 γνώμην
740 1098 764 1118 s.
780 1088 880 1118 locum
897 1096 1102 1122 communem,
1117 1096 1178 1126 quo
1194 1091 1298 1116 tamen

52 1137 249 1169 nequaquam
272 1130 470 1170 reprehendit
493 1131 636 1170 amicum,
661 1136 695 1161 ut
720 1131 779 1161 rati
802 1136 873 1161 sunt
895 1131 1079 1169 interpretes
1103 1130 1297 1160 morosiores.

54 1170 114 1206 &t
125 1172 290 1212 descriptio
301 1173 371 1203 vitae
386 1174 539 1210 humanae,
555 1184 623 1213 quae
638 1183 677 1204 ex
693 1175 803 1205 natura
818 1176 923 1205 nostra
935 1173 1027 1204 variis
1041 1174 1201 1204 affectibus
1215 1183 1296 1203 sem·

53 1224 110 1256 per
131 1215 329 1255 agitatur.-
345 1214 522 1256 [diluxisse]
547 1217 579 1247 in
602 1218 693 1256 prosa
717 1227 761 1248 or.
787 1228 861 1248 sane
887 1216 1029 1247 usitatius
1050 1223 1130 1247 esset
1152 1218 1298 1252 illuxisse,

55 1259 138 1289 unde
163 1259 303 1290 Muretus
326 1257 503 1300 ἁρχαϊσμῷ
529 1260 560 1290 in
587 1261 715 1290 Horatio
742 1261 870 1291 minime
895 1260 1047 1290 tolerabili
1075 1261 1198 1290 volebat
1219 1261 1300 1290 tibid

53 1302 199 1333 illuxisse.
213 1318 257 1324 —
272 1301 406 1343 [Grata]
432 1304 555 1333 Terent.
578 1303 701 1333 Pborrn.
725 1305 754 1340 2,
777 1304 808 1339 3,
833 1304 886 1340 21,
912 1305 1067 1344 Quidquid
1084 1308 1198 1343 praeter
1218 1313 1299 1343 spem

53 1346 178 1382 eveniet.
193 1356 274 1376 omne
296 1347 330 1376 id
349 1347 497 1385 deputabo
518 1356 580 1377 esse
599 1348 632 1376 in
645 1348 737 1377 lucro.
750 1363 793 1369 —-
809 1345 1027 1387 [superveniet]
1043 1348 1050 1363 ⁶
1063 1347 1191 1386 insuper
1205 1352 1298 1386 atque

54 1387 266 1428 inexspectata
280 1389 335 1419 tibi
351 1389 514 1419 adveniet.’
656 1397 662 1403 ·

101 1431 150 1468 15,
169 1431 216 1462 16.
242 1430 310 1472 [Me
327 1430 486 1472 pinguem]
506 1434 513 1448 ‘
528 1433 603 1463 Haec
622 1432 690 1472 ipsa
708 1438 861 1472 praecepta
881 1438 1005 1463 strenue
1020 1443 1070 1463 me
1085 1432 1185 1472 sequi,
1199 1432 1252 1462 ubi
1267 1433 1300 1462 in

55 1475 163 1511 urbem
179 1475 309 1511 veneris,
319 1476 442 1506 videbis
457 1476 504 1504 vel
525 1485 564 1506 ex
580 1476 655 1506 facie
672 1476 762 1508 mea!
808 1477 892 1506 Suet.
908 1476 972 1506 Vit.
989 1477 1076 1512 Hor„
1092 1477 1212 1506 Habitu
1234 1486 1300 1506 cor-

50 1519 137 1558 pu&
152 1519 248 1548 brevis
253 1516 322 1557 fuit
334 1523 424 1558 atque
438 1520 575 1549 obesus.
586 1535 628 1541 —
640 1517 801 1560 [nitidum]
818 1525 942 1559 propter
956 1519 1054 1558 ipsam
1069 1519 1301 1559 pinguedinem.

56 1561 121 1592 Sat.
137 1561 167 1597 2,
181 1562 212 1598 2,
230 1561 298 1592 128.
313 1578 356 1583 -
372 1560 496 1602 [curatd
517 1561 601 1602 cute]
626 1563 683 1601 Ep.
710 1563 738 1598 l,
760 1564 790 1598 2,
810 1563 860 1594 29.
874 1579 916 1584 —
933 1561 1090 1603 [porcum]
1117 1563 1303 1593 innocenter

50 1603 172 1645 ⁴§ututur
185 1604 218 1634 in
233 1610 330 1634 semet
344 1604 455 1644 ipsum.
500 1606 737 1645 Comparatione
754 1606 813 1636 ista
835 1606 933 1646 petita
947 1616 965 1636 a
984 1609 1107 1645 pecude,
1123 1608 1171 1636 cui
1185 1607 1302 1636 animus
1344 1601 1357 1610 ³

55 1647 146 1679 datus
158 1652 203 1678 est
214 1658 270 1687 pro
284 1649 356 1684 sale,
371 1659 407 1679 ne
417 1653 556 1688 putescat
567 1649 646 1689 (Cic.
662 1649 700 1679 de
715 1649 805 1680 Finn.
818 1650 848 1686 5,
865 1650 918 1688 13)
933 1649 1036 1679 invehi
1052 1650 1191 1679 solebant
1207 1649 1302 1679 Stoici

54 1688 293 1765 ἰιῗιέζεέἒῖοτὲἓε
307 1701 388 1722 suos.
433 1692 495 1722 cic.
513 1693 615 1723 Pison.
634 1692 683 1729 16,
701 1693 834 1733 Epicure
856 1698 965 1730 noster,
987 1703 1024 1724 ex
1045 1695 1122 1724 hard
1142 1694 1298 1733 producte,

544 1821 754 1853 EPISTOLA
777 1823 815 1853 V.

101 1904 244 1936 Aliena.
267 1906 383 1937 Invitat
397 1912 487 1946 poeta
500 1907 632 1938 amicum
646 1909 686 1938 ad
701 1919 820 1939 coenam
835 1909 996 1949 frugalem,
1010 1910 1065 1940 sed
1080 1910 1193 1945 laetam,
1210 1919 1304 1947 quam

57 1949 197 1990 proxime
212 1954 285 1980 ante
301 1950 430 1980 Caesaris
443 1951 601 1981 Octaviani
613 1952 695 1981 diem
709 1953 842 1983 natalem
853 1953 989 1983 facturus
1005 1960 1080 1988 erat,
1097 1953 1250 1991 simulque
1265 1953 1305 1982 ad

57 1991 188 2022 hilarem
204 1992 275 2022 vitae
298 2003 387 2023 usum
409 1994 532 2024 excitat.
577 1995 622 2024 De
640 1995 795 2034 Torquato
811 1998 938 2036 ejusque
954 1997 1090 2026 moribus
1106 1995 1176 2026 vide
1191 1997 1230 2026 ad
1246 1997 1306 2027 Od.

27 2063 35 2075 ᾗ
54 2034 91 2072 Δ,
107 2034 136 2071 7.
181 2035 300 2075 Scripta
310 2036 431 2066 videtur
447 2045 554 2067 A.U.c.
570 2037 642 2073 733.

56 2096 62 2114 ι
105 2078 197 2109 1—3.
222 2077 274 2119 [Si
284 2078 383 2120 potes]
402 2081 410 2096 ‘
422 2080 454 2110 Si
469 2086 554 2120 potes
566 2081 622 2111 hoc
633 2083 687 2111 abs
702 2087 731 2111 te
748 2082 922 2122 impetrare,
938 2087 972 2112 ut
987 2092 1108 2112 mecum
1123 2083 1304 2117 accumbas:

28 2130 38 2146 -“
51 2121 116 2157 „Bc-
129 2137 172 2159 -,-
189 2120 382 2162 [Archiacis]
409 2125 417 2139 ‘
429 2123 616 2162 simplicibus
643 2125 779 2164 quidem,
806 2126 861 2156 sed
885 2126 978 2156 simul
1005 2125 1077 2155 satis
1104 2126 1304 2165 elegantibus,

26 2166 40 2194 r*
52 2165 165 2206 gaules
177 2165 310 2194 vendere
325 2167 401 2195 solet
418 2167 565 2203 Archias,’
579 2166 663 2197 faber
679 2168 820 2198 lectarius
836 2170 943 2199 Romae
959 2175 1032 2198 tunc
1049 2175 1148 2199 notus.
1163 2186 1204 2191 —
1222 2167 1304 2210 [olus

27 2205 156 2249 .=ffle]
173 2206 212 2238 τὸ
227 2206 401 2248 ἑπιτυχόν,
417 2209 590 2247 brassicam,
606 2211 719 2248 betam,
741 2212 891 2248 cichorea,
913 2212 1080 2251 legumina,
1098 2213 1152 2242 διο.
1167 2229 1211 2234 -
1229 2213 1304 2250 [Su-

31 2248 274 2330 Vim-mle]
301 2253 377 2281 ‘sub
402 2262 542 2282 occasum
565 2253 646 2289 solis,
669 2254 707 2283 ad
730 2264 899 2294 vesperam,
922 2256 1027 2294 itaque
1050 2256 1173 2295 negotia
1193 2262 1245 2286 tua
1265 2257 1304 2286 ad

32 2304 33 2307 ’
47 2295 60 2332 ’ζ
100 2300 103 2301 ’
127 2325 130 2327 Α
177 2295 344 2333 perducere
366 2295 501 2335 poteris:
546 2297 694 2326 Romanis
716 2297 798 2328 inter
822 2299 929 2328 horam
953 2298 1146 2329 undecimam
1170 2305 1202 2330 et
1227 2300 1304 2329 duo·

30 2331 221 2375 swanum,
236 2337 323 2369 uobis
339 2348 444 2369 mense
461 2339 633 2379 Septembri
648 2346 783 2372 exeunte
797 2343 854 2372 sub
870 2342 978 2373 horam
992 2343 1163 2382 septimam.
