1390 2586
14 0 93 162 ῐ
106 117 131 143 1.
147 107 213 152 m]
343 106 346 109 ’
459 79 834 140 IRTERPRETATio.
1193 109 1278 151 237

16 187 176 259 *aaz
199 214 322 242 revocat
335 209 413 240 illud
427 217 533 240 votum
555 214 590 239 ut
613 220 652 240 ex
668 210 752 248 vulgi
767 209 912 250 opinione
929 209 1027 248 magis
1043 219 1134 248 quam
1151 220 1190 240 ex
1206 212 1279 241 vera

67 254 70 258 ’
124 264 143 286 e
164 259 357 293 conceptum,
379 258 410 284 et
434 263 467 283 se
489 253 655 292 corrigens,
672 254 744 283 ‘sed
769 253 842 283 satis
866 253 931 289 est,'
955 253 1066 292 inquit,
1085 253 1134 282 ‘in
1159 255 1279 284 duobus

108 297 187 328 votis
210 296 386 332 subsistere,
418 306 548 335 quorum
573 306 668 336 penes
690 297 763 326 deos
793 300 927 336 potestas
956 303 1011 331 est,
1040 306 1140 335 neque
1170 297 1202 327 id
1227 307 1279 327 eos

133 362 142 378 ,
162 341 247 380 quod
261 340 294 370 in
309 341 380 370 inea
395 340 490 370 solius
506 350 601 370 manu
617 346 674 375 est,
698 345 732 369 ut
747 349 926 378 consequar.
971 340 1032 369 Det
1057 341 1149 370 modo
1174 351 1279 371 sanum

102 395 132 422 e,
149 385 203 414 det
219 385 322 415 bonam
337 385 451 423 copiam
460 395 473 418 ,·
495 393 553 423 ego
569 393 618 413 me
634 383 678 414 ita
693 385 818 423 parabo,
834 387 869 413 ut
882 393 918 414 ne
933 384 1041 414 dubius
1047 384 1188 422 fluitem.’

486 486 701 517 EPISTOLA
723 486 811 516 XIX.

32 427 62 563 ³:745ss

36 557 208 590 &Ausum
233 557 355 597 Duplex
384 556 546 587 hominum
571 567 678 596 genus,
710 563 744 586 ut
771 556 898 586 omnino
924 557 1056 596 egregiis
1082 557 1279 598 scriptoribus

13 614 23 632 ι
111 611 164 632 ere
179 601 266 638 solet,
285 601 413 631 Horatio
428 601 639 640 importunum
657 600 784 637 exstitit,
806 601 837 630 id
853 605 909 637 est,
936 600 1124 630 imitatorum
1147 608 1178 631 et
1198 602 1279 632 invi-

13 640 39 675 ι’
105 654 146 676 ω.
191 644 350 674 Adversus
379 649 526 683 utrosque
555 654 656 674 coram
686 644 867 679 Maecenate,
897 643 1012 682 optimo
1040 645 1148 674 talium
1176 655 1279 676 rerum

12 691 22 726 Ι
83 687 139 724 'oe‚
160 687 218 718 hac
232 687 362 728 epistola
379 697 503 718 causam
523 697 610 716 suam
631 687 704 726 agit.
751 687 887 717 Primum
904 687 998 725 igitur
1013 686 1194 727 imitatores,
1215 699 1280 719 ser-

15 740 22 755 ·
45 724 54 739 ‘³
121 741 226 771 pecus,
257 730 392 770 graviter
417 736 448 760 et
473 732 583 761 acerba
609 740 680 760 cum
710 730 862 760 derisione
889 730 1025 768 exagitat
1049 730 1110 769 (vv.
1139 731 1278 771 1—20)=

13 785 21 805 ι
86 775 180 814 ulque
195 783 257 804 non
272 774 338 804 sine
353 783 502 812 generoso
517 774 702 814 praestantiae
725 784 787 804 suae
808 783 900 804 sensu
919 783 974 803 sua
999 774 1135 804 carmina
1154 775 1280 815 proprio

13 829 20 848 ι
55 850 60 854 ,
83 818 232 848 Romanis
255 823 347 847 antea
368 817 525 855 incognito
549 817 680 847 artificio
706 817 785 847 facta
807 827 876 847 cum
902 817 1029 846 istorum
1054 818 1178 856 ineptiis
1205 829 1279 849 con-

13 867 20 889 1
81 861 126 891 dit
149 860 215 901 (vv.
231 859 394 899 21—34):
423 860 533 890 deinde
554 861 592 890 de
613 861 834 890 malevolorum
858 860 888 890 in
910 870 942 890 se
965 861 1135 891 invidentia
1152 863 1279 902 ejusque

14 916 19 932 ι
101 904 128 934 is
142 903 271 943 exponit
299 902 362 943 (vv.
377 901 530 945 35—49).
555 904 685 934 Zell.—
695 905 815 943 Scripta
827 904 950 933 videtur
965 912 996 933 Α.
1011 912 1043 933 υ.
1054 913 1081 934 c.
1099 904 1171 940 739.

30 942 49 986 ζ
72 947 101 984 l,
115 948 147 980 2.
172 945 310 987 [Prisco]
335 953 370 976 ut.
390 953 488 986 poetae
511 947 619 986 priscoe
644 947 814 983 comoediae,
839 953 960 976 mortuo
976 947 1099 987 Olymp.
1116 949 1167 985 89,
1188 949 1215 985 l,
1231 950 1281 979 vel

15 995 18 1005 '
83 989 163 1030 (423
187 1001 214 1020 a.
238 989 327 1028 Chr.)
351 989 414 1020 crr.
435 991 498 1020 Sat.
518 990 545 1026 l,
560 990 590 1027 4,
612 989 821 1030 l.—-[docte]
846 990 918 1029 ‘qui
942 992 1019 1020 bene
1035 998 1172 1022 versatus
1192 1002 1224 1022 es
1246 993 1280 1022 in

14 1034 18 1062 I
99 1034 124 1064 ’s
140 1033 258 1064 Graecis
271 1040 302 1064 et
318 1033 447 1070 Latinis,
471 1044 506 1064 ac
521 1040 684 1074 propterea
699 1033 801 1073 ipsum
817 1043 940 1072 quoque
962 1035 1123 1064 Cratinum
1148 1035 1280 1066 trivisti.’

13 1094 15 1096 -
39 1085 42 1088 ⁴
82 1075 212 1129 [Nulla]
239 1076 277 1107 In
303 1075 435 1118 Πυτίνῃ
459 1077 517 1107 hoc
543 1077 676 1107 edixisse
701 1077 841 1107 videtur:
870 1076 967 1114 Οἶνος
994 1078 1118 1119 ποιητῇ
1144 1076 1281 1120 γέγονεν

14 1139 17 1145 -
86 1130 193 1157 ιππος
207 1117 325 1160 ταχύς·
333 1117 440 1160 “remp
457 1118 490 1150 δὲ
506 1119 616 1151 πίνων
630 1117 728 1151 οὐδὲν
743 1119 787 1151 ἂν
803 1117 889 1151 τέκοι
905 1120 959 1160 (al.
975 1118 1092 1161 τέκοις)
1109 1121 1220 1164 σοφόν.

30 1159 102 1202 413,
117 1164 148 1196 4.
172 1163 265 1205 [male
285 1161 388 1203 sanos]
410 1163 420 1180 ‘
433 1173 570 1201 vesanos,
585 1164 659 1203 quia
673 1163 853 1205 μαίνονται
869 1164 970 1194 furore
992 1166 1111 1203 poetico
1127 1166 1280 1205 correpti!

28 1204 100 1241 '⁸13¹
114 1217 152 1238 eo
166 1207 326 1247 tempore,’
341 1207 453 1246 inquit,
471 1208 551 1246 ‘quo
568 1208 701 1247 primum
723 1214 829 1247 poetas
847 1208 985 1237 Bacchus
1001 1218 1088 1238 suam
1103 1208 1135 1238 iu
1152 1210 1281 1239 tutelam

26 1245 144 1298 §acepit
159 1257 251 1290 atque
267 1260 328 1280 una
343 1259 413 1280 cum
433 1250 552 1289 Satyris
572 1261 607 1280 ac
630 1251 745 1281 Faunis
760 1249 842 1291 (sive
864 1249 1015 1290 Paniscis)
1038 1252 1070 1280 in
1092 1262 1183 1282 suum
1206 1263 1279 1283 con-

24 1294 157 1331 finium
172 1293 313 1332 adscivit,
327 1293 358 1323 id
378 1298 432 1331 est,
448 1293 521 1324 inde
536 1303 554 1323 a
569 1294 669 1333 prima
684 1294 784 1333 poesis
799 1294 928 1332 origine,
948 1294 1021 1333 ipsae
1042 1304 1164 1334 quoque
1183 1296 1281 1326 Musae

6 1332 91 1382 ,stre
106 1335 312 1377 (plerumque,
335 1346 430 1376 prope
454 1335 590 1376 semper)
606 1338 654 1367 vel
677 1347 768 1367 mane
791 1338 899 1367 sobriae
922 1347 984 1367 non
1004 1338 1138 1375 suerunt,
1164 1340 1282 1370 olentes

23 1379 121 1426 fiam
134 1386 207 1411 tunc
218 1381 325 1410 vinum
339 1386 427 1410 nocte
439 1380 646 1419 potatum.’—
659 1378 865 1420 [Adscripsit]
882 1382 900 1397 ‘⁶
912 1387 1068 1419 tamquam
1083 1382 1115 1411 in
1127 1383 1281 1422 legionem

27 1423 115 1470 §nam
129 1435 137 1460 ς
160 1434 232 1454 nam
247 1424 306 1453 hoc
319 1425 448 1453 verbum
466 1423 599 1454 militare
616 1423 691 1453 est.”
716 1425 825 1463 Porph.
851 1425 909 1454 Od.
925 1424 954 1460 3,
971 1424 1000 1460 3,
1017 1425 1068 1455 24.

24 1465 50 1505 sj
70 1467 164 1499 6—9.
189 1466 522 1508 [arguitur-vinosus]
546 1465 694 1508 φίλοινος
709 1463 776 1498 ὥν;
802 1470 848 1497 ‘se
864 1467 928 1506 ipse
944 1468 1055 1507 prodit,
1077 1473 1227 1498 monstrat
1249 1479 1282 1499 se

61 1519 135 1541 num
157 1520 276 1540 amasse
298 1510 451 1547 laudibus,
474 1520 550 1548 quas
573 1510 600 1540 ei
623 1511 781 1549 impertit,’
806 1517 841 1540 ut
858 1510 948 1541 Iliad.
966 1512 999 1541 Z.
1015 1511 1088 1548 261,
1111 1509 1226 1552 Ἀνδρὶ
1249 1509 1282 1542 δὲ

0 1574 1 1594 3
44 1570 63 1589 ,ᾳ
81 1554 188 1595 μηῶτι
208 1551 307 1594 μένος
326 1550 414 1594 μέγα
432 1552 521 1589 οἶνος
543 1550 640 1592 ἀέξει,
660 1559 692 1583 et
712 1554 826 1593 passim
849 1554 878 1583 ei
900 1552 1038 1584 ἐπίθετα
1064 1555 1201 1585 tribuens
1229 1554 1281 1586 εὐ-

35 1599 48 1603 ''
82 1611 86 1621 ·
99 1607 145 1633 α,
159 1595 350 1638 μελίφρονα,
363 1595 591 1638 μενοεικέα.-
601 1595 752 1637 [Ennius]
770 1597 884 1636 quippe
897 1598 950 1636 qui
966 1598 1031 1636 ipse
1047 1599 1085 1627 de
1101 1608 1132 1628 se
1148 1599 1282 1629 dixerit:

22 1645 193 1681 ¹:tauquam
214 1644 318 1680 poctor
341 1642 401 1670 nixi
418 1641 615 1681 podager.—
630 1638 753 1680 [pater]
779 1641 822 1670 Et
844 1641 918 1679 quia
938 1641 1056 1670 duobus
1076 1648 1147 1671 ante
1171 1643 1282 1673 seculis

26 1683 32 1704 s
58 1699 62 1708 v
94 1689 172 1714 metat
192 1690 223 1714 et
244 1683 318 1723 quia
339 1693 410 1714 cum
428 1683 516 1713 Livio
531 1683 711 1714 Andronico
729 1684 898 1723 Naevioque
918 1690 1024 1714 auctor
1047 1685 1147 1726 poesis
1163 1685 1282 1716 Laiinae

41 1744 42 1747 =
79 1725 334 1766 ebatum—[ad
362 1725 463 1766 arma]
503 1727 676 1757 Praesertim
707 1727 739 1756 in
771 1727 955 1764 Annalibus,
986 1738 1117 1766 quorum
1146 1729 1282 1767 primum

21 1769 32 1776 ”
50 1783 81 1800 ,4
98 1780 151 1800 um
173 1770 245 1800 fecit
260 1769 399 1800 Merula:
425 1770 562 1800 Horrida
583 1771 756 1801 Romuleum
778 1773 942 1801 certamina
961 1781 1062 1811 pango
1085 1772 1224 1802 duellum.
1238 1789 1283 1795 —

64 1818 69 1825 ’
98 1828 102 1837 1
127 1811 208 1854 ἠῢ]
232 1813 320 1852 quasi
343 1813 409 1853 ipse
430 1823 567 1852 pugnam
583 1812 971 1854 initurus.—-[putealque
990 1813 1133 1854 Libonis]
1158 1815 1220 1846 Cfr.
1241 1817 1281 1846 ad

40 1857 72 1896 J<
110 1857 141 1893 2,
156 1856 188 1894 6,
204 1857 255 1887 35.
301 1857 409 1886 Puteal
436 1857 468 1886 in
494 1856 559 1886 soro
585 1858 625 1886 ad
650 1855 799 1887 fornicem
826 1857 996 1888 Fabianum
1022 1865 1223 1895 exstructum,
1247 1866 1282 1889 ut

100 1905 161 1936 tur,
188 1909 208 1930 a
235 1900 268 1930 L.
297 1899 457 1930 Scribonio
483 1900 611 1936 Libone,
636 1907 749 1939 praetor
776 1901 828 1939 qui
852 1900 910 1930 suit
935 1909 966 1931 A.
984 1909 1015 1931 u.
1033 1910 1061 1931 e.
1084 1902 1157 1937 550,
1180 1903 1283 1941 potius

110 1956 115 1967 ι
143 1953 162 1973 a
182 1944 366 1982 cognomine
380 1943 504 1973 consule
526 1951 557 1973 A.
570 1951 600 1973 u.
615 1952 644 1974 c.
666 1943 740 1980 720,
757 1943 776 1959 “
787 1945 870 1974 locus
886 1944 926 1974 ad
941 1954 1034 1983 quem
1057 1946 1283 1977 conveniebant

70 2000 73 2010 ι
122 1987 247 2017 tores.”
270 1988 343 2016 Aer.
355 2002 398 2008 —
411 1984 598 2026 [Maudabo]
625 1987 749 2016 Futuris
770 1988 878 2023 utitur,
903 1993 937 2017 ut
953 1987 1048 2018 facete
1066 1988 1204 2018 imitetur
1219 1989 1282 2019 for-

44 2066 46 2068 ·
118 2043 122 2055 z
143 2029 234 2060 edicti
250 2029 399 2068 praetoris.
432 2030 494 2059 Cic.
507 2029 616 2060 Aecus.
630 2030 657 2066 1,
671 2030 723 2065 44,
738 2031 805 2061 Nec
817 2032 991 2070 petitionem
1008 2042 1061 2061 nec
1073 2033 1284 2070 possessionem

78 2093 80 2096 ι
95 2088 100 2097 1
122 2071 336 2113 —[adimam]
362 2074 370 2088 ⁴
380 2082 485 2102 severe
498 2072 690 2110 interdicam,
706 2083 746 2103 ne
762 2081 905 2113 poemata
919 2076 1125 2113 componant.'
1140 2091 1181 2097 —
1192 2078 1200 2092 ‘
1215 2077 1281 2107 Sic·

37 2154 42 2158 ἢ
90 2115 196 2155 igitur,
211 2116 376 2146 abstemios
393 2115 444 2155 (ut
461 2116 519 2145 Od.
539 2116 566 2152 1,
579 2116 628 2152 18,
642 2115 690 2154 3),
702 2118 819 2156 jubebo
834 2118 877 2147 rei
892 2117 1009 2147 fenebri
1027 2128 1145 2155 vacare,
1168 2119 1282 2161 quippe

53 2191 56 2194 v
72 2159 217 2199 ¹*poetico
238 2169 331 2189 sensu
347 2159 544 2189 careantss—
557 2157 700 2200 [severis]
728 2163 736 2177 ⁴
748 2160 801 2199 qui
822 2162 860 2190 ab
885 2161 970 2190 omni
987 2161 1060 2191 ludo
1079 2163 1212 2201 jocoque
1227 2165 1281 2194 ab·

70 2211 72 2213 ·
121 2203 166 2232 nt'
189 2201 254 2242 (the
268 2202 408 2241 moro-re).

94 2245 126 2282 0,
142 2245 192 2276 ll.
218 2243 332 2286 [edixi]
357 2246 365 2260 ¹
379 2252 536 2284 tamquam
557 2245 690 2284 praetor!
737 2246 853 2286 Lepide
876 2246 1001 2277 simulat
1020 2257 1127 2278 omnes
1142 2249 1195 2288 qui
1215 2254 1282 2280 tum

79 2324 82 2326 v
98 2298 190 2321 rum
208 2298 322 2319 nomen
337 2288 526 2324 affectarent,
550 2298 638 2318 auam
653 2290 867 2320 auctoritatem
887 2291 1042 2329 extemplo
1063 2297 1182 2322 secutos
1206 2303 1282 2329 esse,

43 2328 54 2344 ‘¹
109 2331 116 2340 ⁸
136 2341 206 2362 vero
229 2332 326 2372 ipsius
348 2332 449 2362 edicto
473 2332 719 2371 obtemperantes
743 2334 841 2363 multo
863 2333 1090 2373 praestantiores
1117 2337 1284 2366 evaderent

146 2391 190 2398 —
201 2372 346 2416 [putere]
370 2385 399 2407 v.
412 2374 548 2406 odiosius
563 2385 656 2415 quam
666 2385 695 2407 v.
707 2377 738 2413 5,
753 2377 839 2408 olere.
