1390 2586
402 97 667 126 sATmAnUM
698 97 787 126 Lm.
811 97 841 125 1.
863 87 903 126 9.
1236 87 1288 127 21

37 201 228 246 Demitto
246 199 460 250 auriculas,
483 207 529 241 ut
548 198 702 255 iniquae
723 198 872 241 mentis
892 199 1054 250 asellus,
1236 202 1291 240 20

39 259 182 310 Quum
202 258 367 316 gravius
387 257 505 299 dorso
525 257 650 299 subiit
670 272 785 299 onus.
847 256 1002 312 Incipit
1021 257 1116 298 ille:

40 317 87 359 Si
107 317 213 359 bene
234 330 299 357 me
320 315 430 365 novi,
453 330 534 356 non
558 314 729 356 Viscum
750 314 878 370 pluris
898 314 1089 364 amicum,

38 374 135 416 Non
157 372 343 440 Varium,
365 373 511 414 facies:
543 388 636 413 nam
659 372 751 438 quis
772 387 838 413 me
859 372 1038 414 scribere
1059 372 1210 428 plures,

38 431 128 474 Aut
147 431 267 473 citius
287 430 415 487 possit
434 428 608 471 versus?
639 430 730 485 quis
751 430 934 471 membra
955 439 1119 471 movere

39 487 276 546 MQsffi
265 487 446 530 invideat
460 487 568 544 quod
590 495 632 529 et
657 487 954 544 Hermogenes,
975 503 1054 544 ego
1071 495 1203 529 canto.
1234 490 1291 528 25

38 545 336 602 Interpellandi
358 546 469 587 locus
490 545 556 586 hic
576 552 684 586 erat:
698 544 795 587 Est
816 545 890 587 tibi
913 554 1055 595 mater,

41 603 234 661 Cognati,
257 603 374 659 queis
402 610 442 645 te
464 603 597 645 salvo
606 610 668 644 est
695 601 829 658 opus?
891 602 1017 644 Haud
1049 601 1150 643 mihi
1178 602 1290 658 quis—

9 714 12 718 Δ
150 676 298 717 qnam3

41 715 200 761 Omnes
221 717 442 774 composui.
503 717 663 759 Felices
683 716 692 760 !
754 717 878 759 Nunc
899 733 978 784 ego
998 725 1119 759 resto.

41 775 235 825 Confice3
266 791 443 832 namque
464 775 588 816 instat
609 775 738 817 fatum
758 775 858 816 mihi
880 776 1008 825 triste,
1037 774 1202 817 Sabella

40 833 167 884 Quod
188 848 316 891 puero
337 833 498 883 cecinit,
519 833 658 875 divina
680 834 789 874 mota
811 848 912 874 anus
934 849 1062 875 urna:
1236 835 1291 875 30

41 897 70 918 “
83 891 212 933 Hunc
232 906 367 947 neque
388 891 475 932 dira
495 905 667 941 venena,
690 906 768 932 nec
789 890 968 932 hosticus
987 890 1148 932 auferet
1168 891 1290 940 ensis,

41 948 134 991 Nec
154 949 326 990 laterum
348 948 474 999 dolor,
496 957 567 990 aut
587 948 720 998 tussis,
744 963 821 989 nec
842 948 955 990 tarda
975 948 1178 1005 podagra3

43 1006 244 1049 Garrulus
266 1005 374 1048 hunc
395 1007 559 1063 quando
580 1016 792 1048 consumet
812 1021 998 1062 cunque:
1029 1006 1233 1062 loquaces,

43 1064 93 1109 Si,
108 1064 251 1121 sapiat,
274 1064 389 1114 vitet,
411 1063 531 1105 simul
552 1073 676 1119 atque
698 1063 922 1106 adoleverit
943 1065 1078 1106 aetas.''

41 1121 226 1164 Ventum
248 1130 335 1163 erat
354 1121 405 1164 ad
429 1121 578 1171 Vestae,
603 1123 746 1177 quarta
762 1122 848 1177 jam
871 1132 986 1178 parte
1007 1121 1090 1163 diei
1238 1123 1294 1162 35

43 1179 285 1229 Praeterit53
318 1188 360 1222 et
380 1195 475 1221 casu
497 1188 582 1221 turn
605 1180 853 1235 respondere
876 1179 1022 1221 vadato

43 1237 262 1287 Debebat3
293 1237 403 1293 quod
424 1237 465 1278 ni
488 1237 662 1286 fecisset,
686 1237 858 1292 perdere
880 1237 1008 1279 litem.

46 1294 91 1337 Si
111 1310 177 1336 me
197 1310 320 1345 arnas,
343 1294 490 1351 inquit,
513 1294 695 1351 paullum
718 1294 782 1336 hic
802 1295 912 1336 ades.
975 1294 1196 1345 Inteream‚
1218 1293 1252 1335 si

44 1353 133 1395 Aut
151 1352 268 1394 valeo
288 1361 408 1403 stare,
430 1360 501 1394 aut
521 1352 616 1393 novi
638 1352 772 1394 civilia
785 1368 802 1407 J
811 1368 903 1402 ura;

44 1409 102 1452 Et
131 1411 305 1466 propero
329 1425 411 1466 quo
441 1409 531 1452 scis.
592 1409 759 1451 Dubius
789 1424 893 1460 sum,
917 1410 1016 1466 quid
1039 1409 1199 1460 faciam,
1230 1410 1295 1452 in-

72 1487 78 1495 ·
122 1512 124 1514 .
155 1467 268 1524 quit3
1235 1473 1292 1510 40

44 1524 166 1568 Tenc
194 1524 437 1582 relinquam,
459 1540 511 1567 an
539 1540 639 1566 rem.
702 1524 792 1575 Me,
815 1524 946 1567 sodes.
1009 1524 1105 1566 Non
1133 1525 1294 1577 faciam,

154 1582 247 1624 ille:

44 1639 102 1683 Et
121 1640 352 1697 praecedere
374 1639 511 1696 coepit.
574 1639 669 1697 Ego
694 1641 759 1695 (ut
779 1639 1030 1682 contendere
1047 1639 1193 1682 durum
1216 1651 1279 1684 est

46 1698 153 1740 Cum
174 1697 348 1754 victore)
371 1713 532 1754 sequor.
595 1697 808 1740 Maecenas
830 1698 1036 1754 quomodo
1058 1698 1226 1740 tecum?

45 1754 161 1798 Hinc
194 1755 368 1812 repetit3
410 1771 632 1813 paucorum
667 1755 893 1806 hominum,
932 1763 974 1798 et
1005 1756 1156 1798 mentis
1189 1756 1295 1799 bene

156 1827 290 1863 sanae3

45 1869 183 1913 Nemo
203 1870 412 1912 dexterius
433 1870 595 1913 fortuna
618 1877 679 1912 est
699 1885 807 1913 usus.
872 1870 1062 1913 Haberes
1243 1875 1296 1914 45

46 1927 255 1986 Magnum
275 1928 517 1984 adjutorem,
540 1937 677 1985 posset
698 1928 767 1984 qui
790 1928 895 1970 ferre
916 1929 1127 1979 secundas,

46 1984 176 2028 Hune
196 1985 406 2027 hominem
427 1985 553 2028 velles
579 1986 614 2028 si
634 1987 813 2028 tradere:
847 1985 1089 2042 dispeream,
1112 1986 1157 2027 ni

48 2042 289 2086 Submosses
310 2058 464 2085 omnes.
527 2043 620 2084 Non
643 2043 721 2091 isto
742 2043 917 2085 vivimus
938 2044 1034 2095 illic,

48 2099 146 2150 Quo
167 2109 210 2144 tu
230 2116 334 2151 rere,
358 2100 490 2142 modo.
551 2100 714 2143 Domus
735 2101 810 2143 hac
830 2116 907 2143 nec
929 2102 1068 2156 purior
1090 2101 1172 2143 ulla
1193 2110 1267 2152 est,

49 2157 140 2204 Nec
160 2159 291 2215 magis
312 2157 373 2200 his
393 2158 533 2224 aliena.
548 2158 689 2200 malis:
713 2158 770 2199 nil
793 2159 848 2200 mi
870 2159 994 2201 officit
1015 2174 1210 2215 unquam,
1242 2163 1296 2201 50

47 2214 187 2258 Ditior
207 2216 273 2258 hic
291 2225 362 2259 aut
382 2224 444 2258 est
465 2215 562 2271 quia
582 2216 759 2257 doctior·
792 2224 854 2258 est
874 2216 986 2258 locus
1008 2216 1100 2258 uni-

49 2271 214 2339 Cuique
234 2289 345 2317 suus.
388 2273 596 2330 Magnum
617 2288 767 2324 narras,
790 2274 860 2314 vix
882 2274 1090 2316 credibile.
1127 2274 1259 2331 Atqui

51 2328 120 2374 Sic
139 2331 274 2375 habet.
336 2331 556 2382 Accendis,
580 2346 706 2389 quare
728 2330 890 2387 cupiam
911 2332 1041 2389 magis
1061 2331 1122 2374 illi
