1390 2586
105 81 188 123 252
534 79 901 111 INTERPRETATIO.
1205 79 1346 121 [ms-m

108 180 195 219 pitia,
209 179 409 218 opitulantia.’
433 179 481 208 Sic
503 179 534 208 in
552 179 657 217 Eurip.
677 178 802 208 Bacchis
817 188 842 206 v.
859 179 933 213 582,
958 178 1067 207 chorus
1088 177 1136 207 dei
1158 179 1349 217 praesentias.

111 221 290 263 ἐπιφανείᾳ,
306 222 460 260 perculsus
473 227 526 250 est.
537 237 578 243 —
589 219 745 260 [Caelestes
755 218 913 259 —aquas]
937 220 967 250 Si
984 221 1105 258 quando
1121 221 1228 250 Romae
1243 229 1330 259 aqua!
1342 231 1348 234 ·

111 265 213 302 inopia
238 271 311 299 erat,
338 274 422 293 sacra
446 264 680 292 instituebantur
703 263 771 292 Jovi
796 263 912 298 Pluvio,
940 263 1077 300 aquilitia
1102 263 1192 299 dicta,
1218 263 1329 302 quippe

113 307 221 345 quibus
236 307 346 336 imbres
363 307 438 335 coelo
452 307 649 340 elicerentur3
672 305 869 343 nudipedalia
883 306 1058 344 agebantur,
1081 304 1111 334 id
1127 310 1181 340 est,
1201 305 1347 343 populus*

113 350 203 378 nudis
218 349 343 387 pedibus
365 358 505 387 pompam
527 349 656 377 ducebat
676 357 728 386 per
750 349 867 376 urbem.
878 363 918 368 —
931 345 1048 386 [docta]
1072 349 1080 363 ‘
1092 347 1200 376 blande
1215 347 1350 386 suppli-.-

114 401 184 421 cans
201 392 246 420 dis
262 391 404 426 carmine,
427 391 505 429 quod
523 396 611 429 poeta
626 399 695 418 eum
712 389 831 418 docuit!
876 390 971 418 Docta
987 395 1032 418 est
1047 389 1248 427 participium,
1270 398 1347 418 non·-

113 431 513 472 adjectivum—[Avertit]
538 433 670 461 maxime
694 431 835 470 Apolline
861 431 1007 465 invocato,
1031 437 1064 460 ut
1084 432 1140 460 Od.
1164 431 1190 466 1,
1213 431 1263 466 21,
1283 431 1347 461 13.‘

114 491 155 497 —
170 473 355 515 [metuenda]
378 478 385 491 ‘
399 475 509 514 quippe
526 475 670 513 portentis
686 474 871 511 significata!
884 489 927 494 —-
939 471 1067 512 [manes]
1092 475 1100 489 ⁴
1111 474 1140 502 di
1157 473 1256 508 inferi,
1278 473 1338 503 Dia

113 524 208 557 pater,
233 519 420 556 Proserpina,
448 517 583 552 Hecate,'
611 522 644 545 ut
666 517 749 553 Virg.
776 517 831 545 Ge.
857 516 885 551 4,
909 515 979 551 505,
1007 516 1145 554 Orpheus
1174 517 1237 547 Quo
1257 516 1333 553 fletu

114 561 252 596 Manes,
268 571 325 599 qua
342 561 497 589 Numina
522 570 587 589 voce
610 560 750 588 vocaret?

159 602 331 633 139—144.
357 600 537 641 [Agricolae]
562 601 631 630 Jam
648 607 803 639 poetarum
820 605 850 629 et
868 600 967 638 poesis
982 600 1012 628 in
1028 604 1164 631 cunctam
1181 599 1334 629 civitatem

116 654 150 674 ac
175 646 299 674 deorum
324 647 437 674 cultum
461 644 576 672 meritis
598 643 741 682 expositis
767 643 916 680 originem
940 648 1031 680 atque
1055 642 1210 670 historiam
1236 641 1334 680 poesis

117 688 263 716 Romanae
286 697 435 726 exponere
459 686 642 723 aggreditur,
666 695 728 714 rem
753 685 901 714 scenicam
924 685 1112 722 potissimum
1135 689 1335 722 spectans.—

117 727 242 769 [fortes]
266 731 322 758 ‘ad
349 730 479 758 laborem
504 728 594 757 validi
615 733 645 756 et
666 727 781 756 seduli.’
807 723 1123 765 &hoa—[Condita]
1148 726 1240 755 Arist.
1265 726 1335 755 Eth.

117 772 183 802 Nic.
199 772 228 806 8,
244 775 275 804 9,
297 770 328 800 αἱ
349 770 486 811 ἀρχαῖαι
506 769 618 799 θυσίαι
639 768 692 798 καὶ
715 766 846 799 σύνοδοι
869 768 1042 808 φαίνονται
1065 766 1237 808 γίγνεσθαι
1255 767 1336 807 μετὰ

116 812 177 849 τὰς
191 815 257 844 τῶν
271 815 407 853 καρπῶν
424 810 619 853 συγκομιδὰς
635 810 705 842 οἷον
724 811 886 852 ἀπαρχαί·
907 808 1051 851 μάλιστα
1075 811 1137 851 γὰρ
1159 809 1194 840 ἐν
1210 808 1338 846 τούτοις

116 854 299 895 ἐσχόλαζον
319 857 388 891 τοῖς
409 854 668 896 mimica—[spe
683 852 769 892 finis]
795 857 802 869 ‘
815 854 972 883 Sententia
990 859 1044 886 est,
1065 853 1251 882 tolerabilem
1271 851 1338 882 fleri

117 900 250 928 laborem
266 899 374 927 laboris
395 899 455 927 fine
478 897 648 936 proposito.'
672 897 779 935 Porplz.
792 913 832 917 -—
845 894 935 935 [Cum
950 893 1051 934 sociis]
1079 894 1223 933 Explica:
1249 895 1338 924 ‘cum

118 941 205 971 sociis
221 951 356 979 operum,
372 941 401 970 in
418 940 522 979 primis
538 940 638 968 liberis
654 939 810 976 utriusque
825 939 916 967 sexus
931 943 961 967 et
977 938 1056 966 casta
1073 937 1219 975 conjuge!
1256 937 1353 966 Raro‘

119 984 199 1012 enim
216 983 304 1022 prisci
320 983 363 1012 illi
379 983 515 1019 agricolae
531 991 630 1010 servos
644 981 836 1020 possidebant
856 985 908 1010 aut
928 980 1080 1018 operarios
1094 980 1339 1008 adhibebant.—

121 1023 302 1065 [Tellurem]
328 1026 423 1054 Varro
445 1026 482 1054 R..
500 1026 536 1053 R.
555 1024 581 1059 l,
602 1024 628 1059 1,
644 1024 672 1057 4,
694 1024 843 1052 duodecim
865 1023 932 1052 deos
953 1027 1122 1059 enumerat,
1141 1023 1192 1060 qui
1213 1023 1337 1051 maxime
1359 1039 1366 1054 «Δ

118 1070 313 1108 agricolarum
329 1069 415 1097 duces
429 1071 504 1097 sunt.
550 1067 691 1101 Primum,
713 1067 763 1104 qui
777 1075 871 1094 omnes
885 1062 1006 1102 fructus
1019 1064 1209 1103 agriculturoe
1224 1064 1295 1092 coelo
1308 1067 1339 1093 et
1360 1082 1365 1085 κ

120 1113 201 1140 terra
215 1112 372 1144 continent,
386 1110 483 1139 Jovem
498 1114 526 1138 et
545 1109 696 1138 Tellurem.
744 1108 821 1136 Tum
838 1108 936 1136 Solem
955 1112 985 1135 et
1002 1107 1129 1140 Lunam,
1145 1106 1287 1135 Cererem
1307 1111 1339 1134 et
1359 1114 1365 1129 :

121 1153 275 1188 Liberum,
300 1152 451 1189 Robigum
474 1161 507 1180 ae
530 1151 660 1186 Floram,
685 1150 854 1178 Minervam
877 1154 908 1178 et
923 1149 1083 1183 Venerem,
1111 1148 1278 1186 Lympham
1303 1157 1339 1177 ac

121 1195 241 1224 Bonum
272 1195 432 1223 Eventum.
449 1211 487 1216 —
505 1190 685 1231 [Silvanum]
721 1192 757 1220 ln
784 1191 978 1229 inscriptione
1008 1191 1171 1219 admodum
1200 1190 1338 1226 suspecta

121 1237 230 1275 (Inscr.
254 1247 292 1266 m.
318 1237 384 1266 Lat.
403 1246 432 1265 n.
457 1235 551 1272 1604)
570 1242 691 1264 vocatur
710 1234 773 1263 Lar
794 1235 931 1273 agrestis,
953 1233 984 1262 in
1009 1233 1091 1261 certa
1113 1230 1174 1272 (lb.
1195 1229 1337 1272 n.1589)
1363 1249 1365 1257 2

124 1280 315 1309 conservator
337 1280 449 1308 Larum
474 1279 636 1307 Penatium.
649 1293 690 1298 —
702 1273 859 1316 [Genium]
884 1275 944 1305 Cfr.
962 1276 1038 1313 Epp.
1054 1275 1083 1309 2,
1098 1275 1127 1309 2,
1145 1274 1213 1308 187.
1258 1274 1340 1303 Cen·

121 1322 211 1351 sorin.
228 1322 257 1358 3,
276 1322 386 1351 Genius
400 1325 443 1350 est
458 1321 538 1354 deus,
559 1318 642 1358 cujus
665 1320 695 1348 in
715 1320 817 1354 tutela,
841 1322 873 1347 ul
892 1319 1013 1357 quisque
1027 1321 1114 1346 natus
1129 1321 1182 1351 est,
1195 1317 1266 1346 vivit
1276 1327 1339 1349 ‚·--

121 1375 140 1393 a
166 1365 325 1403 genendo
354 1364 529 1402 appellatur.
575 1363 685 1391 Genius
707 1365 804 1390 aulem
833 1362 877 1389 ita
901 1361 984 1389 nobis
1012 1360 1148 1388 assiduus
1174 1359 1339 1388 observator

121 1408 270 1445 appositus
284 1410 339 1439 est,
355 1411 387 1435 ut
402 1416 436 1434 ne
447 1409 555 1443 puncto
570 1405 685 1443 quidem
700 1404 836 1442 temporis
850 1403 963 1441 longius
978 1402 1125 1436 abscedat,
1140 1402 1191 1430 sed
1205 1402 1243 1430 ab
1256 1405 1340 1430 utero

121 1451 224 1478 matris
244 1453 374 1487 exceptos
397 1449 436 1477 ad
459 1452 616 1476 extremum
639 1448 707 1475 vitae
732 1446 807 1475 diem
833 1441 1221 1482 contimtum—[memorem
1246 1444 1341 1472 brevis

120 1489 190 1530 oevi]
216 1491 285 1529 Ipse
300 1490 417 1528 genius,
431 1489 572 1527 quoniam
589 1498 649 1517 una
664 1497 731 1517 cum
748 1497 792 1522 eo,
809 1497 897 1525 quem
914 1492 1039 1520 tutatur,
1055 1493 1084 1514 et
1100 1485 1231 1514 nascitur
1245 1490 1276 1514 et
1290 1485 1338 1514 in-

120 1533 200 1570 terit,
216 1534 381 1571 eademque
397 1532 502 1561 laetitia
517 1538 546 1560 et
561 1531 701 1559 maestitia
716 1529 853 1564 afficitur,
866 1530 926 1567 qua
941 1529 1041 1564 homo,
1058 1537 1116 1557 non
1133 1527 1233 1556 minus
1247 1536 1339 1565 quam

119 1575 168 1604 hic
184 1585 299 1605 memor
314 1581 359 1604 est
374 1574 471 1603 brevis
483 1573 561 1609 vitae,
575 1575 698 1612 ejusque
715 1582 817 1601 cursus
832 1577 865 1601 ut
880 1581 970 1609 quam
986 1570 1183 1609 prosperrime
1198 1570 1340 1608 procedat

119 1623 212 1656 optat.

165 1660 233 1695 145,
251 1659 318 1689 146.
343 1655 556 1698 [Fescennina]
583 1656 758 1692 Fescennia,
775 1655 905 1685 Etruriae
929 1655 1073 1694 oppidum
1097 1663 1189 1692 prope
1206 1653 1339 1683 Tiberim
1353 1654 1364 1664 '

121 1708 194 1738 erat,
221 1702 272 1731 ubi
296 1701 443 1740 nuptialia
467 1702 589 1729 inventa
613 1705 683 1728 sunt
705 1699 847 1728 carmina.
871 1697 971 1736 (Serv.
993 1698 1032 1726 ad
1055 1697 1125 1726 AEn.
1147 1696 1177 1731 7,
1201 1694 1340 1734 695.)—

123 1742 273 1784 [inventa]
306 1745 426 1775 ‘Quum
454 1742 502 1771 hic
528 1752 592 1771 mos
617 1742 734 1770 dierum
760 1741 903 1770 festorum
932 1749 949 1769 a
977 1739 1095 1768 rusticis
1121 1739 1340 1768 celebratorum

122 1788 214 1816 semel
235 1786 418 1817 invaluisset,
441 1795 477 1814 ex
494 1785 549 1813 hoc
564 1794 647 1813 more
663 1783 818 1822 paullatim
833 1792 869 1812 eo
884 1781 1032 1820 progressi
1049 1786 1128 1816 sunt,
1151 1787 1184 1810 ut
1205 1780 1341 1810 carmina

110 1826 312 1859 Fescennina
336 1825 761 1866 invenirent.’—[opprobria
783 1822 912 1863 rustica]
937 1824 997 1854 Cfr.
1021 1823 1144 1853 omnino
1169 1823 1207 1852 ad
1227 1823 1288 1852 Sat.
1312 1822 1339 1858 l,

119 1871 148 1907 7,
165 1872 214 1902 29.

167 1913 337 1948 147-150.
363 1909 577 1951 [recurrentes]
603 1909 784 1949 ‘quotannis
816 1909 922 1938 eodem
948 1907 1054 1937 messis
1077 1911 1212 1945 tempore
1237 1915 1340 1935 rever-

123 1957 224 1985 tente.’
234 1972 275 1976 ——
286 1952 436 1994 [accepta]
454 1954 462 1968 ‘
471 1959 556 1991 grata
569 1953 734 1988 Romanis,’
747 1962 806 1981 non
821 1953 827 1966 ¹
840 1951 1025 1989 recepta.¹—-
1037 1949 1142 1989 [Lusit
1156 1946 1338 1987 amabiliter]

122 2000 238 2036 ‘jocata
253 2005 298 2026 est
312 1997 376 2026 sine
391 1998 567 2034 cujusquam
583 1995 757 2030 offensione,
778 1993 902 2023 comiter
925 2003 958 2022 ac
981 1993 1086 2029 facete,
1108 2001 1162 2020 nec
1185 1991 1246 2020 ulla
1267 1990 1339 2020 inde

121 2041 189 2070 rixa
205 2037 495 2078 oriebatur.’—-[In
517 2036 644 2076 rabiem]
669 2039 676 2052 ‘
691 2038 782 2066 ,locus
804 2042 893 2065 antea
914 2035 1059 2064 innocens
1081 2034 1112 2063 in
1135 2033 1248 2063 rabiem
1264 2031 1339 2061 verti

123 2083 222 2121 coepit‚
245 2083 320 2111 adeo
343 2086 378 2110 ut
397 2091 488 2110 soevus
512 2080 615 2109 fieret.1
628 2096 669 2101 —-
683 2077 765 2118 [Ire]
789 2078 974 2116 ‘impetuose
994 2076 1142 2114 grassari.'
1154 2091 1196 2097 --
1209 2073 1340 2114 [impune

123 2123 238 2164 minax]
255 2126 263 2140 ⁴
274 2124 358 2153 nulla
373 2123 462 2152 etiam
476 2128 547 2152 tunc
563 2123 653 2160 poena
669 2121 790 2150 famosis
805 2119 987 2150 carminibus
1003 2118 1184 2148 constituta!
1210 2120 1217 2133 ‘
1228 2117 1340 2146 Severa

123 2167 177 2196 illa
191 2167 265 2204 legis
282 2167 371 2205 poena
387 2165 531 2200 deterriti,
551 2171 646 2202 poetae
670 2165 707 2192 ad
724 2165 818 2202 jocos,
839 2162 889 2200 qui
906 2162 1020 2190 nullam
1036 2160 1230 2190 offensionem
1245 2159 1339 2188 habe-

124 2215 200 2245 rent,
223 2208 425 2247 proferendos,
448 2207 624 2236 nominatim
645 2207 682 2236 ad
706 2205 865 2235 comoedias
884 2204 1030 2243 palliatas,
1046 2208 1170 2241 togatas,
1185 2201 1339 2231 Atellanas

125 2251 344 2290 componendas
357 2250 468 2279 redacti
481 2249 571 2279 sunt.’
1282 2266 1289 2274 .

167 2292 339 2324 151—154.
364 2291 478 2332 [Dente
509 2288 652 2330 lacessiti]
686 2288 696 2306 ‘
708 2288 923 2320 obtrectatione
952 2293 983 2318 et
1010 2285 1230 2322 maledicentia,
1269 2294 1338 2323 quae
