1390 2586
109 93 195 134 292
546 93 916 124 mmmmm-rm.
1219 75 1368 136 [fflffiif
1382 74 1385 101 ·'

111 193 188 221 illud
203 193 299 222 nescio
314 192 386 231 quid
403 192 581 230 praeclarum
597 202 632 221 ac
651 193 802 231 singulare
819 194 911 222 solere
925 194 1056 223 existere.
1067 208 1111 215 —
1123 191 1268 232 [studium
1281 194 1344 226 sini
1370 211 1371 214 ¹

111 236 202 264 divite
226 233 316 270 venti]
357 240 390 262 ut
416 239 461 263 est
485 239 548 263 tota
573 235 751 264 Callimachi
782 235 943 273 poesis.—
960 233 1064 274 [vend]
1102 236 1271 276 Desumpta
1298 242 1371 267 mr·

110 277 291 315 metaphora
322 278 358 305 ab
388 277 454 305 auri
483 277 662 314 argentique
693 278 777 306 venis
806 278 837 306 in
867 276 1207 318 metallis—[possit]
1245 277 1344 318 ‘quid

110 320 214 357 magni
240 329 274 348 ac
299 319 436 347 duraturi
461 319 555 356 possit
579 319 775 348 efficere.'—
792 317 960 359 [conjurat]
986 320 1188 358 Frequentius
1207 321 1264 350 hac
1282 321 1343 360 sig-

111 361 285 390 nificatione
304 367 350 390 est
369 371 396 389 v.
413 363 580 399 conspirare
596 363 634 390 ad
650 362 790 391 intimam
806 362 1036 391 consensionem
1051 368 1082 391 et
1101 362 1371 401 conjunctionem&

113 405 357 442 exprimendam.
1378 435 1379 438 Ἴ

154 446 333 480 412—417.
375 444 452 484 [Qui
480 443 595 484 studet]
637 446 744 475 Paucis
773 446 872 476 verbis
900 446 1010 475 educat
1036 452 1157 484 poetam
1185 456 1204 476 a
1232 446 1378 483 teneri-:j

111 489 297 526 unguiculis,
330 494 363 517 ut
385 493 535 517 oratorem
563 489 801 519 Quinctilianus.
855 487 1050 523 ‘Accuratass
1078 489 1190 527 inquit,
1215 490 1345 519 ‘educa-
1374 491 1375 494 ’

112 530 196 560 tione
221 541 256 559 ac
286 531 508 569 praeparatione
538 540 614 568 opus
641 536 686 559 est
714 531 817 560 futuro
847 531 967 569 poetae‚’
1005 540 1096 568 quem
1125 541 1194 560 cum
1224 540 1346 562 cursore
1376 553 1378 555 -

113 574 275 612 Olympico
310 579 475 611 comparat.
496 589 538 594 —
555 571 701 612 [Pythia]
736 574 912 609 certamina,
938 571 1130 609 Πυθαὺλης.
1145 589 1187 594 -
1201 570 1349 614 [scabies]
1368 556 1390 606 ’,Ῡ

113 616 202 645 “Est
224 615 402 653 imprecatio
428 620 524 644 tracta
549 625 566 643 a
584 616 656 644 ludo
680 616 810 653 puerili;
838 616 889 654 qui
915 615 996 644 enim
1023 621 1132 654 praeest
1155 617 1346 646 currentibus
1371 632 1377 651 ς

112 659 151 687 ad
167 664 279 687 metam
298 658 411 696 pueris,
427 658 527 686 dicere
543 658 635 686 solet:
662 658 722 689 Qui
739 658 854 696 primus
870 659 908 687 ad
928 664 1040 687 metam
1057 657 1184 693 venerit,
1200 657 1224 687 is
1239 658 1347 688 vicerit

113 710 247 738 eumque
269 701 300 729 in
321 701 407 729 ulnas
430 709 513 729 meas
534 700 700 738 accipiam;
726 700 778 738 qui
805 710 875 730 vero
897 700 954 729 erit
977 700 1112 734 ultimus,
1134 706 1259 738 occupet
1275 710 1346 730 eum
1371 698 1379 714 '¹

113 743 239 779 scabies,
263 753 332 771 eum
353 752 493 780 respuam
511 748 543 771 ut
559 742 759 772 scabiosum.''
792 744 898 772 (Iomm.
917 743 967 771 Cr.
1028 742 1178 771 puerilem
1201 742 1264 771 ludi
1285 743 1347 772 for-

112 786 229 814 mulam
259 786 406 823 singulari
430 790 589 813 venustate
613 790 744 814 sectatus
768 790 823 819 est,
854 790 888 814 ut
917 785 994 823 Epp.
1013 785 1041 818 l,
1061 784 1087 819 l,
1103 785 1144 814 59
1169 783 1220 822 (51
1237 784 1348 814 harum

113 827 265 866 eclogg.):
295 828 359 857 Rea:
382 829 450 862 eris,
480 828 575 862 aiunt,
606 829 639 856 Si
664 832 742 857 recle
758 825 1034 867 facies—[sane]
1070 827 1136 855 Non
1165 833 1220 861 est,
1243 829 1346 856 ‘more

113 870 179 899 sani
205 870 338 899 hominis
359 875 388 899 et
413 870 569 904 modeste‚’
593 875 627 898 ut
652 871 775 903 volunt;
798 870 851 898 sed
875 870 1020 908 ‘utique,’
1046 878 1083 898 ex
1109 869 1246 898 oratione
1264 869 1347 899 rectfi

116 910 140 951 (‘
155 913 233 941 Sane
249 912 345 941 fateor
360 922 409 940 me
425 910 574 951 nescire’)
590 912 621 940 in
637 912 792 949 obliquam
808 911 970 940 deflexum.

157 955 325 984 418—424
368 952 447 993 [Ut]
479 955 614 983 ‘Verum
640 960 750 992 praeter
771 954 992 992 permultorum
1015 953 1168 982 levitatem
1192 958 1224 982 et
1247 962 1348 983 socor-

114 998 196 1026 diam
219 998 250 1026 in
273 997 381 1026 studiis
404 997 529 1035 poeticis
555 998 686 1026 alterum
711 1006 833 1034 quoque
858 997 1026 1034 periculum
1049 995 1230 1024 minitantur
1250 996 1348 1034 poetis

114 1041 146 1069 in
162 1040 269 1078 primis
291 1039 494 1077 locupletibus
510 1044 730 1068 assentatorum
747 1044 778 1067 et
793 1039 984 1067 adulatorum
1000 1047 1118 1076 greges,
1137 1038 1188 1075 qui
1205 1043 1348 1076 patronos

114 1093 184 1112 suos
201 1082 283 1111 falsis
298 1082 439 1110 laudibus
456 1082 622 1119 decipiunt.
662 1082 687 1110 A
705 1081 816 1110 talibus
832 1086 875 1116 tu,
894 1081 971 1116 Piso,
988 1080 1041 1109 tibi
1058 1089 1129 1109 cave
1141 1080 1203 1108 !'—-
1214 1077 1346 1120 [praeeo]

115 1125 187 1163 ‘qui
204 1134 315 1162 magno
332 1125 462 1153 clamore
478 1133 594 1152 merces
614 1133 683 1152 suas
703 1123 946 1152 commendando
966 1128 1117 1160 emptores
1138 1127 1302 1160 congregat
1317 1129 1348 1152 et

114 1167 282 1197 allicit.’—
299 1165 420 1205 [jubet]
455 1166 519 1195 ‘vel
546 1166 654 1194 tacitus
684 1166 794 1194 invitat
820 1166 959 1194 homines
982 1165 1055 1194 viles
1084 1170 1118 1193 ut
1142 1165 1224 1202 apud
1247 1164 1348 1194 virum

117 1210 300 1248 locupletem
318 1209 461 1238 lucellum
478 1209 602 1246 aliquod
618 1214 756 1246 quaerant
772 1208 819 1236 vel
835 1208 942 1236 saltem
958 1216 1094 1236 mensam
1109 1207 1276 1245 opiparam,
1291 1206 1348 1236 etsi

115 1253 254 1281 nondum
283 1251 392 1285 sciunt,
411 1258 512 1279 utrum
536 1251 636 1287 largus
655 1251 706 1279 ille
728 1251 767 1279 sit
787 1247 1072 1288 necne.’—[Dives
1093 1246 1192 1288 agris]
1219 1249 1348 1278 Versum

115 1295 172 1323 sibi
199 1294 344 1332 placitum
363 1294 473 1331 repetit
492 1303 529 1322 ex
554 1294 614 1322 Sat.
633 1293 658 1327 l,
674 1294 703 1327 2,
718 1292 765 1326 13,
790 1298 824 1321 ut
839 1293 900 1321 Sat.
916 1292 942 1328 l,
959 1291 988 1326 6,
1004 1291 1054 1326 74,
1077 1297 1108 1320 et
1125 1291 1200 1329 Epp.
1215 1290 1241 1327 l,
1256 1290 1283 1326 l,
1297 1290 1348 1321 56.

117 1337 174 1375 (49
189 1337 299 1365 harum
315 1334 449 1373 eclogg.)
460 1352 502 1356 —-
514 1333 564 1374 [Si
578 1333 659 1374 vero]
685 1337 692 1350 ‘
703 1335 772 1364 Jam
796 1335 819 1363 si
842 1339 992 1363 noverunt
1007 1339 1208 1362 assentatores
1223 1333 1348 1363 divitem

115 1379 203 1408 illum
225 1379 316 1408 etiam
338 1378 519 1407 munificum
537 1387 613 1413 esse,
629 1378 721 1406 veluti
742 1378 831 1414 globo
846 1376 924 1406 facto
944 1377 982 1405 ad
1001 1386 1071 1405 eum
1093 1375 1349 1405 concurrunt!—

118 1419 269 1460 [tmctum]
303 1421 434 1455 ‘cibum,
460 1421 577 1449 lautum
602 1420 774 1448 convivium
805 1425 836 1448 et
857 1418 994 1448 tersum!
1020 1420 1090 1448 Aer.
1137 1418 1192 1447 Est
1214 1423 1248 1447 ut
1269 1417 1348 1456 Epp.

119 1464 146 1499 l,
164 1464 211 1498 15,
228 1464 277 1493 44.
301 1463 354 1499 (37
370 1463 479 1492 harum
495 1460 626 1500 eclogg.)
646 1478 688 1483 -——
701 1460 795 1501 [recte
814 1459 938 1500 ponere]
963 1465 972 1479 ‘
986 1461 1065 1490 Scite
1088 1465 1179 1498 atque
1194 1461 1350 1498 eleganter

117 1516 271 1544 apponere
294 1505 479 1534 fercula.'—
492 1502 581 1544 [levi]
606 1506 613 1520 ‘
627 1505 678 1542 qui
699 1505 764 1533 sine
788 1504 840 1533 tali
861 1513 1005 1542 sponsore
1027 1503 1086 1532 fide
1102 1508 1217 1532 careret
1237 1511 1292 1532 nec
1311 1504 1348 1533 ab

115 1549 176 1578 alio
200 1549 361 1586 pecuniam
386 1554 524 1576 mutuam
550 1557 670 1576 sumere
694 1547 868 1585 posset.'—
884 1543 992 1584 [atris]
1016 1550 1180 1583 usurpatur
1203 1546 1240 1574 de
1259 1545 1350 1574 rebus

114 1591 260 1620 feralibus
286 1596 317 1619 et
343 1590 380 1619 de
410 1590 563 1623 omnibus,
594 1599 662 1627 quae
692 1589 790 1618 tristia
818 1596 890 1617 sunt
918 1593 1010 1626 atque
1038 1588 1167 1626 ingrata.
1225 1587 1349 1616 Dictum

115 1634 210 1671 igitur
239 1638 295 1668 est,
326 1638 359 1661 ut
390 1637 464 1662 atra*
494 1642 581 1667 curae,
620 1632 677 1660 Od.
701 1631 729 1664 4,
756 1631 805 1665 ll,
830 1631 881 1665 35,
907 1630 938 1659 h.
961 1631 980 1659 l.
1014 1639 1068 1666 eae,
1102 1639 1170 1668 quae
1198 1638 1215 1658 e
1245 1629 1350 1658 litibus

115 1677 269 1705 oriuntur.
287 1691 331 1696 —
354 1672 599 1713 [inter-noscere]
638 1679 672 1702 ut
701 1673 780 1712 Epp.
807 1674 835 1707 2,
861 1674 889 1708 2,
914 1672 966 1708 93,
1003 1674 1351 1710 circum-spectemus.—

118 1716 256 1758 [beatus]
281 1719 288 1732 ‘
300 1727 424 1756 prorsus
447 1717 636 1746 fortunatum
651 1725 683 1745 se
698 1721 843 1754 reputans
859 1721 890 1744 et
909 1715 1050 1744 exultans
1064 1715 1216 1750 laudibus,
1238 1713 1350 1752 quibus

117 1761 258 1790 adulator
274 1769 344 1789 eum
361 1759 515 1788 cumulat)

160 1802 337 1832 428—436.
363 1800 527 1841 [Pallescet
547 1812 634 1840 super
653 1798 715 1841 his]
749 1799 807 1829 ‘de
831 1799 904 1829 locis
929 1799 1085 1836 tragoediae
1108 1803 1168 1827 tuae
1192 1795 1350 1837 φοβεροῖς,

117 1851 266 1875 terrorem
295 1844 492 1883 spirantibus,
517 1844 674 1873 simulabit
699 1843 856 1882 pallorem,
887 1839 1066 1878 ἔκπληξινς
1100 1846 1220 1870 moestas
1246 1841 1350 1878 queri-

117 1889 235 1918 monias
265 1888 392 1917 audiens
423 1887 527 1920 flebit;
558 1887 590 1915 in
618 1886 685 1915 aliis
713 1885 786 1914 locis
811 1884 991 1914 sublimibus
1020 1893 1171 1912 summam
1196 1881 1351 1912 ἔκστασιν

115 1931 226 1969 prodet
241 1940 256 1959 e
273 1930 419 1959 cathedra
437 1929 565 1958 exiliens
588 1934 679 1966 atque
698 1938 760 1966 prae
782 1927 890 1956 laetitia.
911 1926 1094 1955 saltans.'—-
1109 1923 1176 1964 [qui
1195 1922 1349 1964 conducti]

116 1975 242 2002 ‘omnes
262 1973 313 2010 qui
332 1973 422 2001 funus
438 1977 555 2006 curant,
571 1971 788 2008 designatores,
809 1969 968 2003 tubicines,
985 1968 1018 2003 ii,
1041 1968 1092 2006 qui
1107 1969 1257 2005 majorum
1273 1967 1350 1996 irua-

116 2016 204 2052 gines
227 2014 434 2053 praeportant,'
461 2023 522 2043 non
549 2013 646 2042 solum
672 2013 810 2051 praefieae,
836 2021 910 2049 quas
933 2010 1074 2048 designat
1097 2009 1298 2038 Kirchmanni
1319 2014 1350 2038 et

119 2058 296 2087 Marklandi
321 2065 546 2095 supervacanea
575 2057 653 2093 conj.
686 2065 750 2094 quae
775 2055 933 2083 conductae.
1007 2052 1102 2081 Lucil.
1126 2062 1156 2090 p.
1176 2051 1247 2086 373,
1271 2051 1348 2080 Hav.

117 2101 249 2130 mercede
271 2109 336 2138 quae
354 2100 510 2128 Conductae
528 2099 603 2136 flent
623 2098 719 2126 alieno
733 2099 764 2126 in
779 2094 889 2134 sunere
913 2096 1047 2133 praeficae.
1075 2095 1171 2124 Multo
1185 2099 1214 2124 et
1229 2094 1350 2132 capillos

116 2143 254 2172 scindunt
283 2146 313 2172 et
341 2142 469 2171 clamant
497 2142 600 2179 magis.
621 2156 664 2160 —-
688 2136 844 2178 [Derisor]
887 2137 994 2178 εἴρων,
1021 2137 1113 2166 falsus
1142 2137 1290 2165 laudator.
1306 2150 1350 2156 —

119 2183 281 2224 [movetur]
311 2184 504 2212 ‘simulatam
529 2182 622 2212 animi
649 2181 882 2211 commotionem
906 2179 1040 2209 externis
1064 2178 1158 2217 signis
1178 2178 1349 2216 exprimere

118 2227 265 2256 conatur!
280 2223 462 2265 —[Reges]
501 2231 534 2254 ut
555 2234 645 2263 saepe,
675 2224 904 2262 locupletes.—
917 2219 1065 2261 [catallis]
1101 2221 1158 2250 Od.
1177 2219 1204 2255 l,
1225 2219 1277 2254 31,
1300 2219 1347 2254 ll,

118 2279 165 2307 pr.
190 2268 334 2298 calicibus
359 2268 512 2297 fictilibus.
558 2267 708 2295 Timocles
730 2266 762 2294 in
787 2265 886 2294 Grotii
913 2265 988 2294 Exc.
1012 2274 1042 2302 p.
1059 2263 1130 2297 693,
1154 2258 1298 2296 Πατάξω
1320 2259 1348 2291 τ’

117 2309 192 2342 ἴσον
206 2309 267 2351 ἴσῳ
284 2309 452 2351 ποτηρίοις
468 2307 636 2350 Μεγάλοις
650 2307 791 2338 ἅπασαν
803 2306 867 2344 τὴν
882 2304 1043 2344 ἀλήθειαν
1053 2302 1182 2346 φράσαι.
1207 2304 1348 2335 Grotius:
