1390 2586
139 100 195 138 24
488 109 748 138 SATIRARUM
777 109 864 138 Lus.
886 112 916 139 1.
940 101 1003 140 10.

143 209 283 264 Atque
305 209 542 264 quibusdam
563 209 662 259 aliis,
685 207 828 251 melius
849 211 962 266 quod¹>
976 211 1150 252 scribere
1170 215 1341 267 possem,

143 265 361 306 lnventore
382 266 532 306 minor:
565 281 698 319 neque
719 281 796 321 ego
817 266 875 307 illi
895 267 1103 308 detrahere
1122 268 1251 309 ausim

143 321 379 362 Haerentem
401 321 521 376 capiti
543 322 667 362 multa
686 337 777 362 cum
798 322 914 363 laude
935 338 1132 365 coronam.

142 378 203 417 At
221 377 321 426 dixi,
343 377 469 417 fluere
489 378 595 418 hunc
616 378 872 427 lutulentum,
893 394 1000 435 saepe
1021 380 1217 421 ferentem
1307 383 1360 421 50

144 433 267 474 Plura
287 433 449 487 quidem
472 433 646 474 tollenda
666 434 951 489 relinquendis.
1010 436 1117 489 Age,
1139 450 1289 492 quaeso,

143 488 211 529 Tu
231 489 331 529 nihil
351 490 390 529 in
412 504 559 544 magno
579 490 718 530 doctus
738 491 998 544 reprehendis
1019 491 1233 534 Homero?

142 544 215 585 Nil
235 545 358 586 comis
379 545 519 601 tragici
541 554 669 586 mutat
689 546 872 587 Lucilius
894 546 1024 588 Acci?

142 601 237 641 Non
259 601 363 641 ridet
382 616 518 642 versus
542 601 650 642 Enni
669 602 865 657 gravitate
886 603 1071 653 minores,

142 656 282 704 Quum
303 658 352 697 de
373 672 415 698 se
437 657 625 711 loquitur,
648 673 727 709 non
751 667 794 700 ut
814 660 963 714 majore
984 659 1215 715 reprensis?
1309 662 1361 700 55

142 713 253 761 Quid
276 721 384 754 vetat
404 722 444 754 et
463 722 620 754 nosmet
642 714 775 755 Lucili
795 716 942 770 scripta
959 715 1156 772 legentes,

92 796 94 798 -
142 768 349 818 Quaerere,
372 784 467 809 num
489 769 607 818 illius,
630 785 726 810 num
747 786 879 811 rerum
900 771 998 812 dura
1018 774 1177 828 negarit

141 824 371 866 Versiculos
392 834 533 866 natura
554 826 680 881 magis
699 827 824 868 factos
845 835 886 868 et
906 835 1048 869 euntes

141 880 324 930 Mollius,
345 896 392 922 ac
411 882 443 922 si
464 882 553 936 quis
573 882 742 936 pedibus
762 883 858 938 quid
879 883 1064 925 claudere
1084 883 1204 933 senis,

142 937 235 978 Hoc
256 945 410 978 tantum
431 947 656 986 contentus,
677 948 785 980 amet
804 939 1005 995 scripsisse
1026 940 1220 981 ducentos
1309 942 1363 979 60

140 994 251 1034 Ante
273 993 406 1034 cibum
426 1009 575 1043 versus,
599 995 765 1035 totidem
787 1004 988 1044 coenatus3
1049 996 1209 1037 Etrusci

141 1049 274 1097 Quale
294 1050 372 1090 fuit
394 1050 506 1091 Cassi
526 1050 664 1105 rapido
683 1051 904 1093 ferventius
923 1052 1032 1092 amni

114 1115 115 1118 ’
140 1105 372 1160 Ingenium,
396 1106 522 1160 capsis
543 1122 662 1161 quem
684 1108 788 1148 fama
808 1117 868 1149 est
888 1123 974 1149 esse
995 1108 1188 1163 librisque

139 1162 384 1202 Ambustum
404 1162 586 1216 propriis.
648 1163 788 1204 Fuerit
810 1164 1004 1213 Lucilius,
1025 1164 1205 1219 inquam,

142 1218 280 1258 Comis
300 1226 341 1259 et
363 1219 558 1267 urbanus3
590 1219 710 1260 fuerit
730 1220 900 1260 limatior
920 1220 1040 1270 idem,
1309 1224 1363 1261 65

141 1273 275 1322 Quam
298 1275 405 1315 rudis
427 1282 468 1315 et
490 1275 644 1316 Graeeis
664 1275 802 1316 intacti
824 1276 1009 1317 carminis
1028 1284 1179 1327 auctor,

141 1330 359 1384 Quamque
381 1339 585 1384 poetarum
607 1332 807 1372 seniorum
831 1333 970 1381 turba3
1001 1333 1071 1373 sed
1091 1332 1173 1382 ille,

142 1387 187 1426 Si
206 1387 310 1427 foret
329 1387 404 1427 hoc
424 1396 603 1427 nostrum
624 1387 704 1428 fato
725 1388 880 1429 delatus
900 1389 941 1429 in
962 1404 1106 1438 aevum,

139 1441 360 1483 Detereret
379 1443 454 1483 sibi
476 1443 621 1491 multa3
653 1444 850 1485 recideret
869 1459 1000 1494 omne,
1023 1444 1132 1499 quod
1151 1444 1255 1486 ultra

142 1498 372 1540 Perfectum
396 1499 638 1548 traheretur3
671 1509 712 1541 et
731 1500 772 1540 in
794 1515 911 1541 versu
932 1501 1115 1541 faciendo
1310 1503 1364 1542 70

142 1555 259 1609 Saepe
281 1563 401 1610 caput
420 1555 612 1604 scaberet,
636 1555 747 1596 vivos
767 1564 808 1596 et
827 1557 987 1598 roderet
1007 1571 1176 1612 ungues.

142 1611 259 1665 Saepe
280 1612 414 1652 stilum
436 1619 580 1660 vertas,
603 1612 762 1661 iterum,
785 1627 876 1667 quae
896 1613 1019 1668 digna
1038 1613 1120 1668 legi
1140 1613 1233 1662 sint,

142 1662 394 1721 S'cripturus;
426 1682 571 1720 neque,
596 1676 635 1708 te
657 1677 700 1708 ut
720 1668 885 1709 miretur
906 1669 1033 1718 turba,
1055 1669 1233 1710 labores:

142 1723 368 1764 Contentus
387 1723 522 1778 paucis
543 1723 769 1765 lectoribus.
829 1725 896 1765 An
918 1733 986 1765 tua
1006 1725 1171 1766 demens

140 1779 301 1820 Vilibus
321 1780 361 1819 in
383 1779 485 1820 ludis
505 1779 643 1820 dictari
664 1780 838 1821 carmina
857 1779 1001 1822 malis?
1311 1785 1364 1823 75

132 1835 236 1885 *Non
265 1851 363 1890 ego:
397 1850 488 1875 nam
519 1836 613 1876 satis
645 1845 717 1886 est,
751 1836 930 1891 equitem
961 1837 1058 1878 mihi
1084 1837 1287 1893 plaudere,
1320 1847 1366 1879 ut

249 1892 394 1940 audax,

143 1948 399 2003 Contemptis
418 1947 517 1996 aliis,
540 1947 705 2002 explosa
727 1948 954 1990 Arbuscula
973 1949 1086 1992 dixit.

142 2003 259 2044 Men’
282 2012 439 2044 moveat
459 2004 588 2044 cimex
613 2004 843 2045 Pantilius?
872 2013 942 2046 aut
961 2006 1124 2055 cruciet,
1146 2005 1254 2061 quod

140 2059 316 2101 Vellicet
335 2061 539 2101 absentem
563 2059 826 2113 Demetrius?
855 2071 925 2103 aut
945 2062 1051 2116 quod
1071 2062 1232 2117 ineptus

145 2116 321 2157 Fannius
343 2116 617 2171 Hermogenis
638 2116 755 2158 laedat
774 2118 943 2160 conviva
963 2117 1147 2174 Tigelli?
1311 2121 1363 2160 80

147 2171 299 2213 Plotius
319 2181 360 2213 et
382 2173 539 2221 Varius,
565 2172 770 2214 Maecenas
792 2174 1082 2230 Virgiliusque,

153 2228 324 2284 Valgius,
347 2237 388 2270 et
407 2228 549 2284 probet
569 2228 653 2270 haec
676 2230 870 2271 Octavius
890 2231 1077 2286 optimus,
1099 2237 1222 2285 atque

142 2284 296 2326 Fuscus
307 2301 317 2334 3
349 2293 390 2327 et
409 2285 494 2327 haec
513 2285 666 2327 utinam
687 2285 898 2328 Viscorum
917 2286 1054 2328 laudet
1073 2294 1242 2342 uterque
1261 2286 1270 2329 !
