1390 2586
154 115 210 152 44
513 121 771 150 SATIRARUM
801 121 887 148 Lm.
909 121 957 151 11.
978 111 1015 150 5.

159 222 262 263 Filia
283 221 451 269 Nasicae,
474 220 688 262 metuentis
708 220 873 261 reddere
893 220 1062 261 soldum.

157 279 266 319 Tum
287 294 411 333 gener
433 278 506 317 hoc
526 277 666 318 faciet:
698 277 850 317 tabulas
869 291 1006 317 socero
1027 276 1147 326 dabit,
1169 283 1290 333 atque

158 334 220 376 Ut
241 335 359 388 legat,
383 334 531 374 orabit:
564 333 732 373 multum
758 333 901 373 Nasica
921 342 1084 387 negatas

159 391 345 444 Accipiet
366 390 525 430 tandem
546 399 586 430 et
606 389 746 429 tacitus
766 389 896 443 leget3
926 388 1184 444 invenietque

158 446 230 486 Nil
250 446 324 486 sibi
346 447 535 500 legatum,
559 452 702 499 praeter
721 444 888 499 plorare,
911 445 1085 499 suisque.
1226 452 1229 456 '
1375 474 1390 483 ..

158 502 264 542 Illud
284 502 333 542 ad
355 499 595 556 haecjubeo:
629 501 771 540 mulier
790 500 823 540 si
843 501 944 540 forte
965 500 1099 541 dolosa
1113 520 1124 530 ³
1323 495 1390 547 705'8‘

159 558 398 599 Libertusve
419 572 553 598 senem
576 557 742 597 delirum
765 563 973 610 temperet,
995 557 1085 598 illis

158 614 339 654 Accedas
359 614 511 654 socius:
544 613 692 661 laudes,
714 613 885 653 lauderis
907 621 951 652 ut
968 613 1122 654 absens.

160 669 234 711 Me
269 670 520 765 slelnebquod,
556 669 698 717 dicam,
731 669 880 710 factum
911 676 994 709 est·
1041 670 1157 714 Anus
1194 669 1386 726 improba

324 741 360 766 le
392 741 423 766 rs

160 782 226 822 Ex
247 790 486 822 testamento
507 781 563 821 sic
583 788 643 821 est
663 780 766 821 elata
778 796 788 828 ;
824 780 992 821 cadaver
1378 810 1385 821 „

162 839 341 879 Unctum
362 838 449 878 oleo
471 838 580 892 largo
601 837 718 877 nudis
739 837 913 877 humeris
933 837 1025 880 tulit
1044 836 1193 879 haeres:
1321 835 1379 878 75⁵

162 895 325 935 Scilicet
345 894 447 934 elabi
469 894 499 934 si
522 901 655 948 posset
676 901 854 942 mortua3
887 893 1017 942 credo,

161 951 281 997 Quod
303 950 468 990 nimium
491 950 689 990 institerat
708 950 870 990 viventi.
932 949 1084 990 Cautus
1103 949 1234 990 adito:

160 1007 254 1046 Neu
277 1006 379 1047 desis
401 1021 544 1061 operae,
569 1021 670 1046 neve
691 1005 972 1046 immoderatus
992 1005 1182 1046 abundes.

160 1062 379 1103 Difficilem
401 1072 441 1103 et
462 1077 658 1102 morosum
681 1061 858 1103 offendes
877 1062 1070 1117 garrulus.
1131 1062 1254 1103 Ultro
1378 1111 1379 1114 Ἴ

161 1119 255 1158 Non
278 1119 396 1159 etiam
417 1119 545 1159 sileas.
605 1118 746 1158 Davus
766 1118 817 1158 sis
838 1118 1024 1166 comicus,
1046 1126 1167 1172 atque
1321 1118 1382 1158 80

164 1175 254 1215 Stes
275 1175 404 1229 capite
425 1175 594 1228 obstipe,
619 1174 786 1214 multum
808 1173 946 1214 similis
966 1175 1172 1214 metuenti.

162 1231 370 1285 Obsequio
390 1246 592 1286 grassare.
625 1245 755 1279 mone,
778 1230 810 1270 si
832 1228 1029 1271 increbuit
1047 1245 1154 1279 aura,

163 1287 315 1328 Cautus
338 1287 394 1327 uti
414 1287 522 1327 velet
541 1301 675 1327 carum
695 1295 834 1340 caput:
866 1286 1030 1327 extrahe
1051 1287 1166 1327 turba

162 1343 370 1397 Oppositis
392 1343 589 1383 humeris:
621 1357 756 1382 aurem
777 1342 1003 1398 substringe
1024 1342 1191 1397 loquaci.

161 1399 420 1454 Importunus
439 1407 544 1440 amat
565 1398 738 1439 laudari:
766 1398 905 1448 donec,
929 1399 1021 1439 Ohe
1036 1399 1120 1452 jam
1141 1398 1150 1439 l
1324 1399 1376 1440 85

161 1455 228 1495 Ad
249 1456 395 1496 coelum
417 1455 598 1496 manibus
618 1454 795 1503 sublatis,
818 1454 976 1503 dixerit,
1001 1469 1112 1510 urge,
1135 1461 1176 1496 et

163 1511 424 1552 Crescentem
446 1511 608 1552 tumidis
628 1510 725 1560 infla
744 1510 992 1550 sermonibus
1015 1519 1156 1551 utrem.

163 1567 301 1615 Quum
324 1577 361 1608 te
382 1568 543 1608 servitio
564 1567 685 1620 longo
706 1566 880 1620 curaque
902 1566 1054 1615 levarit,

162 1623 198 1662 E
203 1633 218 1664 t
238 1633 390 1664 certum
411 1623 593 1678 vigilans,
619 1623 784 1670 Quartae
805 1630 889 1662 esto
908 1622 1030 1676 partis
1054 1622 1213 1672 Ulixes,

162 1679 363 1727 Audieris,
385 1679 532 1758 haerJes·
563 1693 660 1734 ergo
677 1693 786 1718 nnnc
807 1678 940 1718 Darna
957 1678 1102 1719 sodalis
1324 1682 1377 1720 90

162 1735 320 1790 Nusqn
321 1750 372 1776 tm
387 1735 476 1776 est?
497 1736 601 1774 unde
607 1712 718 1774 ³mihi
741 1744 818 1775 tam
836 1734 992 1782 fortem,
1012 1742 1173 1789 tamque
1189 1734 1379 1776 fidelem?

164 1792 317 1845 Sparge
337 1791 528 1832 subinde.
560 1798 612 1839 et,
635 1791 665 1830 si
687 1790 848 1845 paulum
871 1798 984 1844 potes
1004 1790 1265 1840 illacrimare3
1297 1800 1358 1832 est

164 1847 324 1888 Gaudia
345 1848 579 1902 prodentem
601 1847 755 1888 vultum
776 1846 916 1887 celare.
979 1847 1230 1901 Sepulcrum,

164 1904 407 1944 Permissum
428 1903 603 1951 arbitrio,
626 1903 710 1943 sine
730 1902 909 1943 sordibus
930 1911 1117 1944 exstrue:
1139 1903 1259 1944 funus

163 1959 343 2015 Egregie
365 1959 669 2000 factum-laudet
689 1958 845 1998 vicinia.
907 1959 951 1999 Si
971 1959 1060 2013 quis
1327 1961 1380 2000 95

164 2015 285 2056 Forte
307 2015 557 2057 cohaeredum
578 2015 709 2056 senior
730 2015 831 2055 male
854 2015 1006 2064 tussiet,
1029 2015 1122 2055 huie
1142 2021 1185 2055 tu

164 2071 260 2123 Dic,
282 2086 332 2111 ex
355 2082 466 2126 parte
489 2072 555 2112 tua
576 2086 647 2112 seu
668 2071 780 2110 fundi
801 2071 884 2112 sive
905 2071 1046 2112 domus
1065 2071 1116 2111 sit

165 2127 347 2182 Emptor,
370 2127 611 2183 gaudentem
634 2142 796 2168 nummo
818 2136 856 2168 te
877 2127 1073 2168 addicere.
1135 2126 1215 2167 Sed
1237 2141 1299 2168 me

165 2183 385 2239 Imperiosa
406 2184 524 2226 trahit
549 2183 808 2239 Proserpina:
841 2183 945 2234 vive,
968 2183 1148 2238 valeque.
