<?xml version="1.0" encoding="UTF-8"?>
<!DOCTYPE html PUBLIC "-//W3C//DTD XHTML 1.0 Transitional//EN"
    "http://www.w3.org/TR/xhtml1/DTD/xhtml1-transitional.dtd">
<html xmlns="http://www.w3.org/1999/xhtml" xml:lang="en" lang="en">
 <head>
  <title>
</title>
<meta http-equiv="Content-Type" content="text/html;charset=utf-8" />
  <meta name='ocr-system' content='tesseract 3.04.00' />
  <meta name='ocr-capabilities' content='ocr_page ocr_carea ocr_par ocr_line ocrx_word'/>
</head>
<body>
  <div class='ocr_page' id='page_1' title='image "./eclogaehoratiana02horauoft_0248.png"; bbox 0 0 1390 2586; ppageno 0'>
   <div class='ocr_carea' id='block_1_1' title="bbox 1266 88 1390 1254">
    <p class='ocr_par' dir='ltr' id='par_1_1' title="bbox 1266 88 1390 1254">
     <span class='ocr_line' id='line_1_1' title="bbox 1266 88 1390 233; baseline 0 -60"><span class='ocrx_word' id='word_1_1' title='bbox 1266 88 1390 233; x_wconf 95' lang='lat' dir='ltr'>  </span> 
     </span>
     <span class='ocr_line' id='line_1_2' title="bbox 1310 233 1390 358; baseline 0.025 -2"><span class='ocrx_word' id='word_1_2' title='bbox 1310 233 1390 358; x_wconf 95' lang='lat' dir='ltr'>   </span> 
     </span>
     <span class='ocr_line' id='line_1_3' title="bbox 1310 358 1387 525; baseline 0 0"><span class='ocrx_word' id='word_1_3' title='bbox 1310 358 1387 525; x_wconf 95' lang='lat' dir='ltr'>   </span> 
     </span>
     <span class='ocr_line' id='line_1_4' title="bbox 1310 525 1382 651; baseline 0 -124"><span class='ocrx_word' id='word_1_4' title='bbox 1310 525 1382 651; x_wconf 95' lang='lat' dir='ltr'>    </span> 
     </span>
     <span class='ocr_line' id='line_1_5' title="bbox 1319 651 1390 778; baseline 0 -124"><span class='ocrx_word' id='word_1_5' title='bbox 1319 651 1390 778; x_wconf 95' lang='lat' dir='ltr'>     </span> 
     </span>
     <span class='ocr_line' id='line_1_6' title="bbox 1304 778 1390 906; baseline -0.07 2"><span class='ocrx_word' id='word_1_6' title='bbox 1304 778 1390 906; x_wconf 95' lang='lat' dir='ltr'>    </span> 
     </span>
     <span class='ocr_line' id='line_1_7' title="bbox 1307 906 1390 1116; baseline 0 -84"><span class='ocrx_word' id='word_1_7' title='bbox 1307 906 1390 1116; x_wconf 95' lang='lat' dir='ltr'>     </span> 
     </span>
     <span class='ocr_line' id='line_1_8' title="bbox 1340 1116 1390 1158; baseline 0 1428"><span class='ocrx_word' id='word_1_8' title='bbox 1340 1116 1390 1158; x_wconf 95' lang='lat' dir='ltr'> </span> 
     </span>
     <span class='ocr_line' id='line_1_9' title="bbox 1329 1158 1390 1254; baseline 0 0"><span class='ocrx_word' id='word_1_9' title='bbox 1329 1158 1390 1254; x_wconf 95' lang='lat' dir='ltr'>  </span> 
     </span>
    </p>
   </div>
   <div class='ocr_carea' id='block_1_2' title="bbox 153 100 1359 154">
    <p class='ocr_par' dir='ltr' id='par_1_2' title="bbox 153 86 1359 154">
     <span class='ocr_line' id='line_1_10' title="bbox 153 100 1359 154; baseline 0 -12"><span class='ocrx_word' id='word_1_10' title='bbox 153 113 235 154; x_wconf 72' lang='lat'>240</span> <span class='ocrx_word' id='word_1_11' title='bbox 580 112 944 143; x_wconf 63' lang='lat' dir='ltr'>mmmmm-1⁸10.</span> <span class='ocrx_word' id='word_1_12' title='bbox 1198 109 1201 111; x_wconf 63' lang='grc'><strong>“</strong></span> <span class='ocrx_word' id='word_1_13' title='bbox 1249 109 1286 152; x_wconf 68' lang='grc' dir='ltr'>[ε</span> <span class='ocrx_word' id='word_1_14' title='bbox 1349 100 1359 117; x_wconf 74' lang='lat'>²</span> 
     </span>
    </p>
   </div>
   <div class='ocr_carea' id='block_1_3' title="bbox 153 211 1390 2070">
    <p class='ocr_par' dir='ltr' id='par_1_3' title="bbox 153 211 1390 462">
     <span class='ocr_line' id='line_1_11' title="bbox 154 211 1378 251; baseline -0.002 -9"><span class='ocrx_word' id='word_1_15' title='bbox 154 213 308 251; x_wconf 79' lang='lat' dir='ltr'>Praecipue</span> <span class='ocrx_word' id='word_1_16' title='bbox 327 215 495 250; x_wconf 74' lang='lat' dir='ltr'>presserunt</span> <span class='ocrx_word' id='word_1_17' title='bbox 514 211 652 247; x_wconf 79' lang='lat' dir='ltr'>Tullium,</span> <span class='ocrx_word' id='word_1_18' title='bbox 668 212 718 250; x_wconf 82' lang='lat' dir='ltr'>qui</span> <span class='ocrx_word' id='word_1_19' title='bbox 740 212 834 240; x_wconf 80' lang='lat' dir='ltr'>videri</span> <span class='ocrx_word' id='word_1_20' title='bbox 849 211 1013 240; x_wconf 73' lang='lat' dir='ltr'>Atticorum</span> <span class='ocrx_word' id='word_1_21' title='bbox 1033 211 1196 240; x_wconf 71' lang='lat' dir='ltr'>imitatores</span> <span class='ocrx_word' id='word_1_22' title='bbox 1209 211 1288 249; x_wconf 81' lang='lat' dir='ltr'>cup&#39;</span> <span class='ocrx_word' id='word_1_23' title='bbox 1376 227 1378 229; x_wconf 63' lang='lat'>&gt;</span> 
     </span>
     <span class='ocr_line' id='line_1_12' title="bbox 153 253 1378 293; baseline -0.001 -10"><span class='ocrx_word' id='word_1_24' title='bbox 153 270 196 276; x_wconf 94' lang='lat'>—</span> <span class='ocrx_word' id='word_1_25' title='bbox 209 253 292 293; x_wconf 82' lang='lat' dir='ltr'><em>[Non</em></span> <span class='ocrx_word' id='word_1_26' title='bbox 316 255 383 293; x_wconf 83' lang='lat' dir='ltr'>ego]</span> <span class='ocrx_word' id='word_1_27' title='bbox 411 254 486 283; x_wconf 86' lang='lat' dir='ltr'>Tota</span> <span class='ocrx_word' id='word_1_28' title='bbox 500 254 600 291; x_wconf 86' lang='lat' dir='ltr'><strong>imago</strong></span> <span class='ocrx_word' id='word_1_29' title='bbox 615 263 632 282; x_wconf 89' lang='lat' dir='ltr'>a</span> <span class='ocrx_word' id='word_1_30' title='bbox 647 253 814 282; x_wconf 78' lang='lat' dir='ltr'>candidatis</span> <span class='ocrx_word' id='word_1_31' title='bbox 829 253 957 282; x_wconf 86' lang='lat' dir='ltr'>honores</span> <span class='ocrx_word' id='word_1_32' title='bbox 977 253 1148 291; x_wconf 85' lang='lat' dir='ltr'>petentibus</span> <span class='ocrx_word' id='word_1_33' title='bbox 1162 253 1253 282; x_wconf 78' lang='lat' dir='ltr'>ducta</span> <span class='ocrx_word' id='word_1_34' title='bbox 1265 257 1341 283; x_wconf 61' lang='lat' dir='ltr'>est-J</span> <span class='ocrx_word' id='word_1_35' title='bbox 1375 278 1378 282; x_wconf 76' lang='grc'><strong><em>,</em></strong></span> 
     </span>
     <span class='ocr_line' id='line_1_13' title="bbox 156 292 1388 336; baseline -0.002 -10"><span class='ocrx_word' id='word_1_36' title='bbox 156 295 285 336; x_wconf 78' lang='lat' dir='ltr'>[plebis]</span> <span class='ocrx_word' id='word_1_37' title='bbox 311 298 318 311; x_wconf 81' lang='lat'><em>¹</em></span> <span class='ocrx_word' id='word_1_38' title='bbox 328 303 484 334; x_wconf 88' lang='lat' dir='ltr'>poetarum</span> <span class='ocrx_word' id='word_1_39' title='bbox 500 302 530 325; x_wconf 85' lang='lat' dir='ltr'>et</span> <span class='ocrx_word' id='word_1_40' title='bbox 543 295 805 333; x_wconf 84' lang='lat' dir='ltr'>grammaticorum</span> <span class='ocrx_word' id='word_1_41' title='bbox 818 293 1062 327; x_wconf 80' lang='lat' dir='ltr'>infimi.ordinis.’</span> <span class='ocrx_word' id='word_1_42' title='bbox 1072 311 1114 317; x_wconf 90' lang='lat'>—</span> <span class='ocrx_word' id='word_1_43' title='bbox 1126 292 1240 334; x_wconf 72' lang='lat' dir='ltr'>[trita]</span> <span class='ocrx_word' id='word_1_44' title='bbox 1263 295 1271 310; x_wconf 81' lang='lat'><em>⁴</em></span> <span class='ocrx_word' id='word_1_45' title='bbox 1377 303 1388 321; x_wconf 64' lang='lat' dir='ltr'>x</span> 
     </span>
     <span class='ocr_line' id='line_1_14' title="bbox 155 332 1388 374; baseline -0.002 -6"><span class='ocrx_word' id='word_1_46' title='bbox 155 340 180 368; x_wconf 92' lang='lat' dir='ltr'>si</span> <span class='ocrx_word' id='word_1_47' title='bbox 195 339 303 368; x_wconf 83' lang='lat' dir='ltr'>vellem</span> <span class='ocrx_word' id='word_1_48' title='bbox 325 339 501 367; x_wconf 87' lang='lat' dir='ltr'>muneribus</span> <span class='ocrx_word' id='word_1_49' title='bbox 517 339 562 366; x_wconf 84' lang='lat' dir='ltr'>vel</span> <span class='ocrx_word' id='word_1_50' title='bbox 578 338 729 367; x_wconf 80' lang='lat' dir='ltr'>vilissimis</span> <span class='ocrx_word' id='word_1_51' title='bbox 743 347 847 366; x_wconf 84' lang='lat' dir='ltr'>eorum</span> <span class='ocrx_word' id='word_1_52' title='bbox 862 338 989 374; x_wconf 80' lang='lat' dir='ltr'>gratiam</span> <span class='ocrx_word' id='word_1_53' title='bbox 1005 337 1079 366; x_wconf 88' lang='lat' dir='ltr'>mihi</span> <span class='ocrx_word' id='word_1_54' title='bbox 1095 336 1264 372; x_wconf 83' lang='lat' dir='ltr'>conciliare,</span> <span class='ocrx_word' id='word_1_55' title='bbox 1375 332 1388 337; x_wconf 64' lang='grc'><em>”</em></span> 
     </span>
     <span class='ocr_line' id='line_1_15' title="bbox 155 377 1390 420; baseline -0.002 -10"><span class='ocrx_word' id='word_1_56' title='bbox 155 381 293 420; x_wconf 84' lang='lat' dir='ltr'>possem.&#39;</span> <span class='ocrx_word' id='word_1_57' title='bbox 339 381 479 410; x_wconf 82' lang='lat' dir='ltr'>Imitatus</span> <span class='ocrx_word' id='word_1_58' title='bbox 500 387 545 410; x_wconf 87' lang='lat' dir='ltr'>est</span> <span class='ocrx_word' id='word_1_59' title='bbox 562 379 680 409; x_wconf 84' lang='lat' dir='ltr'>Persius</span> <span class='ocrx_word' id='word_1_60' title='bbox 702 379 730 415; x_wconf 89' lang='lat' dir='ltr'>l,</span> <span class='ocrx_word' id='word_1_61' title='bbox 752 380 851 410; x_wconf 85' lang='lat'>53.—</span> <span class='ocrx_word' id='word_1_62' title='bbox 865 377 982 419; x_wconf 81' lang='lat' dir='ltr'>[venor]</span> <span class='ocrx_word' id='word_1_63' title='bbox 1005 384 1039 408; x_wconf 84' lang='lat' dir='ltr'>ut</span> <span class='ocrx_word' id='word_1_64' title='bbox 1053 377 1242 420; x_wconf 60' lang='lat' dir='ltr'>‘Snpffepatss</span> <span class='ocrx_word' id='word_1_65' title='bbox 1259 379 1346 410; x_wconf 80' lang='lat' dir='ltr'>‘au</span> <span class='ocrx_word' id='word_1_66' title='bbox 1387 384 1390 389; x_wconf 93' lang='grc'><strong>“</strong></span> 
     </span>
     <span class='ocr_line' id='line_1_16' title="bbox 155 423 1346 462; baseline -0.006 -9"><span class='ocrx_word' id='word_1_67' title='bbox 155 433 219 462; x_wconf 86' lang='lat' dir='ltr'>por,</span> <span class='ocrx_word' id='word_1_68' title='bbox 235 423 342 461; x_wconf 62' lang='lat' dir='ltr'>capto!</span> <span class='ocrx_word' id='word_1_69' title='bbox 1343 454 1346 455; x_wconf 21' lang='lat'><em>⁷</em></span> 
     </span>
    </p>

    <p class='ocr_par' dir='ltr' id='par_1_4' title="bbox 156 456 1387 1003">
     <span class='ocr_line' id='line_1_17' title="bbox 197 456 1383 504; baseline -0.003 -9"><span class='ocrx_word' id='word_1_70' title='bbox 197 466 249 500; x_wconf 89' lang='grc'>39,</span> <span class='ocrx_word' id='word_1_71' title='bbox 266 465 316 494; x_wconf 82' lang='grc'>40.</span> <span class='ocrx_word' id='word_1_72' title='bbox 339 464 423 504; x_wconf 82' lang='lat' dir='ltr'>[Non</span> <span class='ocrx_word' id='word_1_73' title='bbox 439 462 506 503; x_wconf 75' lang='lat' dir='ltr'>ego]</span> <span class='ocrx_word' id='word_1_74' title='bbox 531 466 539 480; x_wconf 90' lang='lat'>‘</span> <span class='ocrx_word' id='word_1_75' title='bbox 552 465 621 494; x_wconf 92' lang='lat' dir='ltr'>Non</span> <span class='ocrx_word' id='word_1_76' title='bbox 642 473 707 502; x_wconf 82' lang='lat' dir='ltr'>ego,</span> <span class='ocrx_word' id='word_1_77' title='bbox 731 463 782 500; x_wconf 86' lang='lat' dir='ltr'>qui</span> <span class='ocrx_word' id='word_1_78' title='bbox 803 463 913 493; x_wconf 76' lang='lat' dir='ltr'>nobiles</span> <span class='ocrx_word' id='word_1_79' title='bbox 931 467 1048 492; x_wconf 82' lang='lat' dir='ltr'>tantum</span> <span class='ocrx_word' id='word_1_80' title='bbox 1070 463 1228 502; x_wconf 72' lang='lat' dir='ltr'>scriptores</span> <span class='ocrx_word' id='word_1_81' title='bbox 1255 462 1320 502; x_wconf 86' lang='lat' dir='ltr'>(qu</span> <span class='ocrx_word' id='word_1_82' title='bbox 1340 456 1383 482; x_wconf 41' lang='lat'>“1</span> 
     </span>
     <span class='ocr_line' id='line_1_18' title="bbox 156 503 1343 546; baseline -0.002 -10"><span class='ocrx_word' id='word_1_83' title='bbox 156 514 228 537; x_wconf 89' lang='lat' dir='ltr'>sunt</span> <span class='ocrx_word' id='word_1_84' title='bbox 251 507 356 542; x_wconf 87' lang='lat' dir='ltr'>Pollio,</span> <span class='ocrx_word' id='word_1_85' title='bbox 381 508 536 546; x_wconf 81' lang='lat' dir='ltr'>Virgilius,</span> <span class='ocrx_word' id='word_1_86' title='bbox 558 507 677 542; x_wconf 86' lang='lat' dir='ltr'>Varius,</span> <span class='ocrx_word' id='word_1_87' title='bbox 704 506 852 542; x_wconf 82' lang='lat' dir='ltr'>Tibullus,</span> <span class='ocrx_word' id='word_1_88' title='bbox 876 503 1070 544; x_wconf 80' lang='lat' dir='ltr'>Fundanius)</span> <span class='ocrx_word' id='word_1_89' title='bbox 1091 506 1252 535; x_wconf 76' lang='lat' dir='ltr'>recitantes</span> <span class='ocrx_word' id='word_1_90' title='bbox 1270 514 1322 534; x_wconf 87' lang='lat' dir='ltr'>au</span> <span class='ocrx_word' id='word_1_91' title='bbox 1340 525 1343 528; x_wconf 82' lang='lat'>-</span> 
     </span>
     <span class='ocr_line' id='line_1_19' title="bbox 157 547 1325 588; baseline -0.002 -10"><span class='ocrx_word' id='word_1_92' title='bbox 157 559 323 588; x_wconf 87' lang='lat' dir='ltr'>eorumque</span> <span class='ocrx_word' id='word_1_93' title='bbox 339 549 472 579; x_wconf 85' lang='lat' dir='ltr'>carmina</span> <span class='ocrx_word' id='word_1_94' title='bbox 495 554 608 578; x_wconf 84' lang='lat' dir='ltr'>attente</span> <span class='ocrx_word' id='word_1_95' title='bbox 631 549 730 586; x_wconf 89' lang='lat' dir='ltr'>legere</span> <span class='ocrx_word' id='word_1_96' title='bbox 745 553 846 586; x_wconf 85' lang='lat' dir='ltr'>atque,</span> <span class='ocrx_word' id='word_1_97' title='bbox 868 548 919 578; x_wconf 87' lang='lat' dir='ltr'>ubi</span> <span class='ocrx_word' id='word_1_98' title='bbox 935 557 954 577; x_wconf 89' lang='lat' dir='ltr'>a</span> <span class='ocrx_word' id='word_1_99' title='bbox 966 548 1123 578; x_wconf 77' lang='lat' dir='ltr'>malitiosis</span> <span class='ocrx_word' id='word_1_100' title='bbox 1141 547 1252 578; x_wconf 83' lang='lat' dir='ltr'>criticis</span> <span class='ocrx_word' id='word_1_101' title='bbox 1273 556 1325 585; x_wconf 81' lang='lat' dir='ltr'>rep</span> 
     </span>
     <span class='ocr_line' id='line_1_20' title="bbox 158 588 1333 630; baseline -0.002 -10"><span class='ocrx_word' id='word_1_102' title='bbox 158 592 345 628; x_wconf 78' lang='lat' dir='ltr'>benduntur‚</span> <span class='ocrx_word' id='word_1_103' title='bbox 361 592 468 621; x_wconf 85' lang='lat' dir='ltr'>acriter</span> <span class='ocrx_word' id='word_1_104' title='bbox 483 593 585 621; x_wconf 81' lang='lat' dir='ltr'>ulcisci</span> <span class='ocrx_word' id='word_1_105' title='bbox 599 588 792 630; x_wconf 83' lang='lat' dir='ltr'>(defendere)</span> <span class='ocrx_word' id='word_1_106' title='bbox 808 591 899 626; x_wconf 85' lang='lat' dir='ltr'>soleo,</span> <span class='ocrx_word' id='word_1_107' title='bbox 921 599 981 619; x_wconf 88' lang='lat' dir='ltr'>non</span> <span class='ocrx_word' id='word_1_108' title='bbox 995 600 1062 628; x_wconf 85' lang='lat' dir='ltr'>ego,</span> <span class='ocrx_word' id='word_1_109' title='bbox 1075 591 1210 629; x_wconf 81' lang='lat' dir='ltr'>inquam,</span> <span class='ocrx_word' id='word_1_110' title='bbox 1224 598 1308 628; x_wconf 82' lang='lat' dir='ltr'>gram</span> <span class='ocrx_word' id='word_1_111' title='bbox 1319 602 1333 614; x_wconf 70' lang='lat' dir='ltr'>u</span> 
     </span>
     <span class='ocr_line' id='line_1_21' title="bbox 158 632 1311 672; baseline -0.003 -9"><span class='ocrx_word' id='word_1_112' title='bbox 158 634 296 670; x_wconf 84' lang='lat' dir='ltr'>ticorum,</span> <span class='ocrx_word' id='word_1_113' title='bbox 319 645 392 672; x_wconf 89' lang='lat' dir='ltr'>quos</span> <span class='ocrx_word' id='word_1_114' title='bbox 417 634 559 672; x_wconf 76' lang='lat' dir='ltr'>despicio,</span> <span class='ocrx_word' id='word_1_115' title='bbox 583 634 760 672; x_wconf 82' lang='lat' dir='ltr'>applausum</span> <span class='ocrx_word' id='word_1_116' title='bbox 780 632 899 661; x_wconf 64' lang='lat' dir='ltr'>ambio!</span> <span class='ocrx_word' id='word_1_117' title='bbox 928 633 1012 662; x_wconf 82' lang='lat' dir='ltr'>Ultor</span> <span class='ocrx_word' id='word_1_118' title='bbox 1035 632 1128 670; x_wconf 83' lang='lat' dir='ltr'>igitur</span> <span class='ocrx_word' id='word_1_119' title='bbox 1153 633 1183 662; x_wconf 81' lang='lat' dir='ltr'>h.</span> <span class='ocrx_word' id='word_1_120' title='bbox 1198 632 1218 661; x_wconf 92' lang='lat' dir='ltr'>l.</span> <span class='ocrx_word' id='word_1_121' title='bbox 1234 637 1289 666; x_wconf 84' lang='lat' dir='ltr'>est,</span> <span class='ocrx_word' id='word_1_122' title='bbox 1303 633 1311 647; x_wconf 94' lang='lat'><em>‘</em></span> 
     </span>
     <span class='ocr_line' id='line_1_22' title="bbox 158 674 1337 715; baseline -0.002 -10"><span class='ocrx_word' id='word_1_123' title='bbox 158 677 290 715; x_wconf 83' lang='lat' dir='ltr'>aliquem</span> <span class='ocrx_word' id='word_1_124' title='bbox 308 679 344 705; x_wconf 84' lang='lat' dir='ltr'>ab</span> <span class='ocrx_word' id='word_1_125' title='bbox 360 677 473 714; x_wconf 88' lang='lat' dir='ltr'>iniquis</span> <span class='ocrx_word' id='word_1_126' title='bbox 488 675 770 715; x_wconf 82' lang='lat' dir='ltr'>reprehensionibus</span> <span class='ocrx_word' id='word_1_127' title='bbox 785 680 815 703; x_wconf 90' lang='lat' dir='ltr'>et</span> <span class='ocrx_word' id='word_1_128' title='bbox 830 674 1088 704; x_wconf 76' lang='lat' dir='ltr'>criminationibus</span> <span class='ocrx_word' id='word_1_129' title='bbox 1103 674 1238 704; x_wconf 80' lang='lat' dir='ltr'>defendit</span> <span class='ocrx_word' id='word_1_130' title='bbox 1252 675 1337 712; x_wconf 85' lang='lat' dir='ltr'>ejusq</span> 
     </span>
     <span class='ocr_line' id='line_1_23' title="bbox 158 714 1356 757; baseline -0.003 -9"><span class='ocrx_word' id='word_1_131' title='bbox 158 719 251 748; x_wconf 83' lang='lat' dir='ltr'>veluti</span> <span class='ocrx_word' id='word_1_132' title='bbox 265 719 465 757; x_wconf 83' lang='lat' dir='ltr'>patrocinium</span> <span class='ocrx_word' id='word_1_133' title='bbox 479 718 621 756; x_wconf 86' lang='lat' dir='ltr'>suscipit.’</span> <span class='ocrx_word' id='word_1_134' title='bbox 632 733 672 738; x_wconf 92' lang='lat'>——</span> <span class='ocrx_word' id='word_1_135' title='bbox 683 715 932 756; x_wconf 72' lang='lat' dir='ltr'>[Grammaticus]</span> <span class='ocrx_word' id='word_1_136' title='bbox 950 717 1087 754; x_wconf 84' lang='lat' dir='ltr'>Imagine</span> <span class='ocrx_word' id='word_1_137' title='bbox 1098 726 1201 746; x_wconf 84' lang='lat' dir='ltr'>rursus</span> <span class='ocrx_word' id='word_1_138' title='bbox 1212 717 1250 745; x_wconf 87' lang='lat' dir='ltr'>ab</span> <span class='ocrx_word' id='word_1_139' title='bbox 1261 714 1342 745; x_wconf 81' lang='lat' dir='ltr'>ambi</span> <span class='ocrx_word' id='word_1_140' title='bbox 1353 739 1356 743; x_wconf 74' lang='grc'>,</span> 
     </span>
     <span class='ocr_line' id='line_1_24' title="bbox 158 756 1351 801; baseline -0.003 -11"><span class='ocrx_word' id='word_1_141' title='bbox 158 762 255 800; x_wconf 68' lang='lat' dir='ltr'>petita</span> <span class='ocrx_word' id='word_1_142' title='bbox 267 763 468 801; x_wconf 80' lang='lat' dir='ltr'>grammaticae</span> <span class='ocrx_word' id='word_1_143' title='bbox 483 762 577 790; x_wconf 76' lang='lat' dir='ltr'>tribus</span> <span class='ocrx_word' id='word_1_144' title='bbox 592 765 662 789; x_wconf 84' lang='lat' dir='ltr'>sunt</span> <span class='ocrx_word' id='word_1_145' title='bbox 677 759 761 797; x_wconf 80' lang='lat' dir='ltr'>quasi</span> <span class='ocrx_word' id='word_1_146' title='bbox 777 764 864 788; x_wconf 88' lang='lat' dir='ltr'>sectae</span> <span class='ocrx_word' id='word_1_147' title='bbox 879 759 1152 797; x_wconf 77' lang='lat' dir='ltr'>grammaticorum,</span> <span class='ocrx_word' id='word_1_148' title='bbox 1173 758 1205 788; x_wconf 91' lang='lat' dir='ltr'>id</span> <span class='ocrx_word' id='word_1_149' title='bbox 1219 763 1274 794; x_wconf 80' lang='lat' dir='ltr'>est,</span> <span class='ocrx_word' id='word_1_150' title='bbox 1294 756 1351 787; x_wconf 78' lang='lat' dir='ltr'>cri</span> 
     </span>
     <span class='ocr_line' id='line_1_25' title="bbox 159 799 1359 842; baseline -0.003 -9"><span class='ocrx_word' id='word_1_151' title='bbox 159 813 272 839; x_wconf 86' lang='lat' dir='ltr'>corum,</span> <span class='ocrx_word' id='word_1_152' title='bbox 296 804 328 832; x_wconf 92' lang='lat' dir='ltr'>in</span> <span class='ocrx_word' id='word_1_153' title='bbox 345 803 449 842; x_wconf 87' lang='lat' dir='ltr'>primis</span> <span class='ocrx_word' id='word_1_154' title='bbox 465 802 626 840; x_wconf 86' lang='lat' dir='ltr'>antiquarii</span> <span class='ocrx_word' id='word_1_155' title='bbox 642 802 695 838; x_wconf 90' lang='lat' dir='ltr'>illi,</span> <span class='ocrx_word' id='word_1_156' title='bbox 721 801 772 839; x_wconf 91' lang='lat' dir='ltr'>qui</span> <span class='ocrx_word' id='word_1_157' title='bbox 797 807 912 830; x_wconf 87' lang='lat' dir='ltr'>veteres</span> <span class='ocrx_word' id='word_1_158' title='bbox 934 807 1047 839; x_wconf 74' lang='lat' dir='ltr'>poetas,</span> <span class='ocrx_word' id='word_1_159' title='bbox 1071 801 1217 836; x_wconf 87' lang='lat' dir='ltr'>Ennium,</span> <span class='ocrx_word' id='word_1_160' title='bbox 1244 799 1359 829; x_wconf 69' lang='lat' dir='ltr'>Acciu&#39;</span> 
     </span>
     <span class='ocr_line' id='line_1_26' title="bbox 161 843 1343 884; baseline -0.002 -9"><span class='ocrx_word' id='word_1_161' title='bbox 161 846 323 883; x_wconf 82' lang='lat' dir='ltr'>Lucilium,</span> <span class='ocrx_word' id='word_1_162' title='bbox 348 845 514 884; x_wconf 76' lang='lat' dir='ltr'>aequalibus</span> <span class='ocrx_word' id='word_1_163' title='bbox 540 844 611 881; x_wconf 87' lang='lat' dir='ltr'>suis,</span> <span class='ocrx_word' id='word_1_164' title='bbox 638 844 764 880; x_wconf 72' lang='lat' dir='ltr'>Virgilio</span> <span class='ocrx_word' id='word_1_165' title='bbox 791 843 921 872; x_wconf 87' lang='lat' dir='ltr'>maxime</span> <span class='ocrx_word' id='word_1_166' title='bbox 944 848 1034 881; x_wconf 81' lang='lat' dir='ltr'>atque</span> <span class='ocrx_word' id='word_1_167' title='bbox 1057 843 1193 878; x_wconf 83' lang='lat' dir='ltr'>Horatio,</span> <span class='ocrx_word' id='word_1_168' title='bbox 1215 848 1319 880; x_wconf 82' lang='lat' dir='ltr'>anlep·</span> <span class='ocrx_word' id='word_1_169' title='bbox 1334 856 1343 873; x_wconf 64' lang='lat' dir='ltr'>t</span> 
     </span>
     <span class='ocr_line' id='line_1_27' title="bbox 159 883 1387 926; baseline -0.004 -8"><span class='ocrx_word' id='word_1_170' title='bbox 159 890 243 918; x_wconf 81' lang='lat' dir='ltr'>bant.</span> <span class='ocrx_word' id='word_1_171' title='bbox 287 888 329 917; x_wconf 89' lang='lat' dir='ltr'>Hi</span> <span class='ocrx_word' id='word_1_172' title='bbox 354 888 456 926; x_wconf 88' lang='lat' dir='ltr'>igitur,</span> <span class='ocrx_word' id='word_1_173' title='bbox 479 888 561 916; x_wconf 88' lang='lat' dir='ltr'>velut</span> <span class='ocrx_word' id='word_1_174' title='bbox 576 895 674 916; x_wconf 85' lang='lat' dir='ltr'>xxxv.</span> <span class='ocrx_word' id='word_1_175' title='bbox 700 886 795 915; x_wconf 81' lang='lat' dir='ltr'>tribus</span> <span class='ocrx_word' id='word_1_176' title='bbox 819 885 923 924; x_wconf 86' lang='lat' dir='ltr'>populi</span> <span class='ocrx_word' id='word_1_177' title='bbox 939 885 1081 924; x_wconf 82' lang='lat' dir='ltr'>Romani,</span> <span class='ocrx_word' id='word_1_178' title='bbox 1097 887 1148 925; x_wconf 82' lang='lat' dir='ltr'>jus</span> <span class='ocrx_word' id='word_1_179' title='bbox 1168 885 1224 915; x_wconf 90' lang='lat' dir='ltr'>sibi</span> <span class='ocrx_word' id='word_1_180' title='bbox 1238 894 1335 918; x_wconf 67' lang='lat' dir='ltr'>arn,</span> <span class='ocrx_word' id='word_1_181' title='bbox 1363 883 1366 923; x_wconf 29' lang='grc' dir='ltr'>ᾖ</span> <span class='ocrx_word' id='word_1_182' title='bbox 1385 887 1387 890; x_wconf 90' lang='grc'><strong>“</strong></span> 
     </span>
     <span class='ocr_line' id='line_1_28' title="bbox 160 927 1350 969; baseline -0.002 -10"><span class='ocrx_word' id='word_1_183' title='bbox 160 930 302 968; x_wconf 83' lang='lat' dir='ltr'>suffragia</span> <span class='ocrx_word' id='word_1_184' title='bbox 322 931 359 960; x_wconf 90' lang='lat' dir='ltr'>de</span> <span class='ocrx_word' id='word_1_185' title='bbox 379 930 475 969; x_wconf 83' lang='lat' dir='ltr'>poetis</span> <span class='ocrx_word' id='word_1_186' title='bbox 491 929 616 965; x_wconf 86' lang='lat' dir='ltr'>serendi,</span> <span class='ocrx_word' id='word_1_187' title='bbox 640 928 707 967; x_wconf 91' lang='lat' dir='ltr'>quis</span> <span class='ocrx_word' id='word_1_188' title='bbox 727 928 823 967; x_wconf 88' lang='lat' dir='ltr'>primo</span> <span class='ocrx_word' id='word_1_189' title='bbox 843 928 908 957; x_wconf 89' lang='lat' dir='ltr'>loco</span> <span class='ocrx_word' id='word_1_190' title='bbox 930 928 1039 966; x_wconf 80' lang='lat' dir='ltr'>dignus</span> <span class='ocrx_word' id='word_1_191' title='bbox 1058 928 1107 964; x_wconf 85' lang='lat' dir='ltr'>sit,</span> <span class='ocrx_word' id='word_1_192' title='bbox 1131 928 1183 967; x_wconf 90' lang='lat' dir='ltr'>qui</span> <span class='ocrx_word' id='word_1_193' title='bbox 1201 927 1233 956; x_wconf 89' lang='lat' dir='ltr'>in</span> <span class='ocrx_word' id='word_1_194' title='bbox 1248 935 1350 957; x_wconf 88' lang='lat' dir='ltr'>secun</span> 
     </span>
     <span class='ocr_line' id='line_1_29' title="bbox 160 973 1347 1003; baseline -0.005 0"><span class='ocrx_word' id='word_1_195' title='bbox 160 973 286 1003; x_wconf 88' lang='lat' dir='ltr'>tertiove</span> <span class='ocrx_word' id='word_1_196' title='bbox 301 974 463 1002; x_wconf 83' lang='lat' dir='ltr'>subsistere</span> <span class='ocrx_word' id='word_1_197' title='bbox 478 973 616 1001; x_wconf 83' lang='lat' dir='ltr'>debeant.</span> <span class='ocrx_word' id='word_1_198' title='bbox 1338 991 1347 1002; x_wconf 87' lang='lat'>-.</span> 
     </span>
    </p>

    <p class='ocr_par' dir='ltr' id='par_1_5' title="bbox 161 1011 1390 1299">
     <span class='ocr_line' id='line_1_30' title="bbox 203 1011 1354 1054; baseline -0.003 -10"><span class='ocrx_word' id='word_1_199' title='bbox 203 1015 253 1051; x_wconf 86' lang='lat'>41,</span> <span class='ocrx_word' id='word_1_200' title='bbox 270 1015 318 1044; x_wconf 83' lang='lat'>42.</span> <span class='ocrx_word' id='word_1_201' title='bbox 345 1013 442 1054; x_wconf 84' lang='lat' dir='ltr'>[Hinc</span> <span class='ocrx_word' id='word_1_202' title='bbox 463 1015 523 1044; x_wconf 73' lang='lat' dir='ltr'>illa:</span> <span class='ocrx_word' id='word_1_203' title='bbox 547 1011 691 1053; x_wconf 79' lang='lat' dir='ltr'>lacrimae]</span> <span class='ocrx_word' id='word_1_204' title='bbox 715 1014 723 1029; x_wconf 86' lang='lat'><em>‘</em></span> <span class='ocrx_word' id='word_1_205' title='bbox 737 1013 898 1051; x_wconf 84' lang='lat' dir='ltr'>Propterea</span> <span class='ocrx_word' id='word_1_206' title='bbox 914 1012 993 1050; x_wconf 92' lang='lat' dir='ltr'>quod</span> <span class='ocrx_word' id='word_1_207' title='bbox 1008 1012 1115 1041; x_wconf 86' lang='lat' dir='ltr'>horum</span> <span class='ocrx_word' id='word_1_208' title='bbox 1138 1012 1296 1041; x_wconf 87' lang='lat' dir='ltr'>hominum</span> <span class='ocrx_word' id='word_1_209' title='bbox 1316 1023 1324 1044; x_wconf 83' lang='grc'>;</span> <span class='ocrx_word' id='word_1_210' title='bbox 1352 1032 1354 1034; x_wconf 77' lang='lat'>·</span> 
     </span>
     <span class='ocr_line' id='line_1_31' title="bbox 161 1053 1321 1095; baseline -0.004 -8"><span class='ocrx_word' id='word_1_211' title='bbox 161 1057 235 1087; x_wconf 82' lang='lat' dir='ltr'>tiam</span> <span class='ocrx_word' id='word_1_212' title='bbox 250 1067 311 1087; x_wconf 92' lang='lat' dir='ltr'>non</span> <span class='ocrx_word' id='word_1_213' title='bbox 327 1067 439 1095; x_wconf 82' lang='lat' dir='ltr'>quaero,</span> <span class='ocrx_word' id='word_1_214' title='bbox 462 1057 537 1086; x_wconf 87' lang='lat' dir='ltr'>mihi</span> <span class='ocrx_word' id='word_1_215' title='bbox 557 1062 627 1085; x_wconf 88' lang='lat' dir='ltr'>sunt</span> <span class='ocrx_word' id='word_1_216' title='bbox 649 1061 803 1093; x_wconf 83' lang='lat' dir='ltr'>tantopere</span> <span class='ocrx_word' id='word_1_217' title='bbox 827 1054 948 1084; x_wconf 62' lang='lat' dir='ltr'>infesti!</span> <span class='ocrx_word' id='word_1_218' title='bbox 972 1054 1167 1084; x_wconf 88' lang='lat' dir='ltr'>Proverbium</span> <span class='ocrx_word' id='word_1_219' title='bbox 1193 1053 1321 1092; x_wconf 81' lang='lat' dir='ltr'>petitum</span> 
     </span>
     <span class='ocr_line' id='line_1_32' title="bbox 163 1094 1363 1137; baseline -0.004 -8"><span class='ocrx_word' id='word_1_220' title='bbox 163 1101 231 1129; x_wconf 85' lang='lat' dir='ltr'>Ter.</span> <span class='ocrx_word' id='word_1_221' title='bbox 257 1100 351 1129; x_wconf 87' lang='lat' dir='ltr'>Andr.</span> <span class='ocrx_word' id='word_1_222' title='bbox 382 1100 409 1135; x_wconf 89' lang='lat' dir='ltr'>l,</span> <span class='ocrx_word' id='word_1_223' title='bbox 435 1099 461 1135; x_wconf 95' lang='lat' dir='ltr'>l,</span> <span class='ocrx_word' id='word_1_224' title='bbox 485 1095 742 1137; x_wconf 73' lang='lat' dir='ltr'>99.—[sz·ssis]</span> <span class='ocrx_word' id='word_1_225' title='bbox 773 1097 823 1126; x_wconf 81' lang='lat' dir='ltr'>‘Si</span> <span class='ocrx_word' id='word_1_226' title='bbox 850 1097 912 1126; x_wconf 90' lang='lat' dir='ltr'>dixi</span> <span class='ocrx_word' id='word_1_227' title='bbox 937 1106 974 1126; x_wconf 87' lang='lat' dir='ltr'>ex</span> <span class='ocrx_word' id='word_1_228' title='bbox 1001 1096 1094 1126; x_wconf 91' lang='lat' dir='ltr'>animi</span> <span class='ocrx_word' id='word_1_229' title='bbox 1123 1097 1182 1125; x_wconf 86' lang='lat' dir='ltr'>mei</span> <span class='ocrx_word' id='word_1_230' title='bbox 1211 1094 1363 1125; x_wconf 87' lang='lat' dir='ltr'>sententi-</span> 
     </span>
     <span class='ocr_line' id='line_1_33' title="bbox 161 1137 1390 1182; baseline -0.005 -10"><span class='ocrx_word' id='word_1_231' title='bbox 161 1142 268 1180; x_wconf 85' lang='lat' dir='ltr'>Nugas</span> <span class='ocrx_word' id='word_1_232' title='bbox 291 1152 373 1171; x_wconf 85' lang='lat' dir='ltr'>meas</span> <span class='ocrx_word' id='word_1_233' title='bbox 397 1139 572 1182; x_wconf 89' lang='lat' dir='ltr'>(opuscula)</span> <span class='ocrx_word' id='word_1_234' title='bbox 589 1140 740 1178; x_wconf 83' lang='lat' dir='ltr'>frequenti</span> <span class='ocrx_word' id='word_1_235' title='bbox 762 1139 933 1168; x_wconf 86' lang='lat' dir='ltr'>auditorum</span> <span class='ocrx_word' id='word_1_236' title='bbox 958 1140 1067 1168; x_wconf 68' lang='lat' dir='ltr'>corona</span> <span class='ocrx_word' id='word_1_237' title='bbox 1089 1139 1230 1176; x_wconf 82' lang='lat' dir='ltr'>indignas</span> <span class='ocrx_word' id='word_1_238' title='bbox 1253 1137 1337 1167; x_wconf 71' lang='lat' dir='ltr'>tecit</span> <span class='ocrx_word' id='word_1_239' title='bbox 1359 1155 1361 1157; x_wconf 61' lang='lat'>&gt;</span> <span class='ocrx_word' id='word_1_240' title='bbox 1387 1144 1390 1146; x_wconf 72' lang='grc'><strong><em>’</em></strong></span> 
     </span>
     <span class='ocr_line' id='line_1_34' title="bbox 161 1179 1342 1223; baseline -0.005 -9"><span class='ocrx_word' id='word_1_241' title='bbox 161 1191 192 1214; x_wconf 92' lang='lat' dir='ltr'>et</span> <span class='ocrx_word' id='word_1_242' title='bbox 214 1184 271 1213; x_wconf 89' lang='lat' dir='ltr'>hoc</span> <span class='ocrx_word' id='word_1_243' title='bbox 294 1190 362 1213; x_wconf 87' lang='lat' dir='ltr'>actu</span> <span class='ocrx_word' id='word_1_244' title='bbox 387 1184 451 1223; x_wconf 89' lang='lat' dir='ltr'>ipso</span> <span class='ocrx_word' id='word_1_245' title='bbox 477 1183 514 1212; x_wconf 90' lang='lat' dir='ltr'>iis</span> <span class='ocrx_word' id='word_1_246' title='bbox 535 1183 644 1212; x_wconf 84' lang='lat' dir='ltr'>addere</span> <span class='ocrx_word' id='word_1_247' title='bbox 665 1183 788 1220; x_wconf 77' lang='lat' dir='ltr'>pondus,</span> <span class='ocrx_word' id='word_1_248' title='bbox 803 1182 834 1210; x_wconf 91' lang='lat' dir='ltr'>id</span> <span class='ocrx_word' id='word_1_249' title='bbox 849 1187 904 1217; x_wconf 85' lang='lat' dir='ltr'>est,</span> <span class='ocrx_word' id='word_1_250' title='bbox 919 1181 1123 1210; x_wconf 80' lang='lat' dir='ltr'>demonstrare</span> <span class='ocrx_word' id='word_1_251' title='bbox 1143 1189 1191 1210; x_wconf 87' lang='lat' dir='ltr'>me</span> <span class='ocrx_word' id='word_1_252' title='bbox 1213 1179 1316 1217; x_wconf 84' lang='lat' dir='ltr'>magni</span> <span class='ocrx_word' id='word_1_253' title='bbox 1338 1192 1342 1196; x_wconf 92' lang='lat'>·</span> 
     </span>
     <span class='ocr_line' id='line_1_35' title="bbox 161 1223 1371 1264; baseline -0.004 -8"><span class='ocrx_word' id='word_1_254' title='bbox 161 1226 269 1262; x_wconf 76' lang='lat' dir='ltr'>facere,</span> <span class='ocrx_word' id='word_1_255' title='bbox 285 1227 418 1264; x_wconf 85' lang='lat' dir='ltr'>profecto</span> <span class='ocrx_word' id='word_1_256' title='bbox 435 1236 482 1255; x_wconf 89' lang='lat' dir='ltr'>me</span> <span class='ocrx_word' id='word_1_257' title='bbox 496 1226 607 1264; x_wconf 88' lang='lat' dir='ltr'>pudet:</span> <span class='ocrx_word' id='word_1_258' title='bbox 632 1234 789 1263; x_wconf 88' lang='lat' dir='ltr'>perperam</span> <span class='ocrx_word' id='word_1_259' title='bbox 814 1224 857 1252; x_wconf 87' lang='lat' dir='ltr'>illi</span> <span class='ocrx_word' id='word_1_260' title='bbox 878 1233 983 1253; x_wconf 88' lang='lat' dir='ltr'>sensus</span> <span class='ocrx_word' id='word_1_261' title='bbox 997 1233 1080 1253; x_wconf 83' lang='lat' dir='ltr'>meos</span> <span class='ocrx_word' id='word_1_262' title='bbox 1093 1223 1331 1261; x_wconf 79' lang='lat' dir='ltr'>interpretantur</span> <span class='ocrx_word' id='word_1_263' title='bbox 1359 1234 1371 1247; x_wconf 43' lang='grc' dir='ltr'>κ</span> 
     </span>
     <span class='ocr_line' id='line_1_36' title="bbox 162 1267 590 1299; baseline -0.007 0"><span class='ocrx_word' id='word_1_264' title='bbox 162 1269 367 1299; x_wconf 76' lang='lat' dir='ltr'>simulatorem</span> <span class='ocrx_word' id='word_1_265' title='bbox 383 1279 430 1297; x_wconf 86' lang='lat' dir='ltr'>me</span> <span class='ocrx_word' id='word_1_266' title='bbox 445 1267 590 1297; x_wconf 58' lang='lat' dir='ltr'>credunt)</span> 
     </span>
    </p>

    <p class='ocr_par' dir='ltr' id='par_1_6' title="bbox 163 1257 1386 1474">
     <span class='ocr_line' id='line_1_37' title="bbox 205 1257 1386 1350; baseline -0.005 -9"><span class='ocrx_word' id='word_1_267' title='bbox 205 1311 255 1347; x_wconf 81' lang='lat'>43,</span> <span class='ocrx_word' id='word_1_268' title='bbox 271 1311 320 1340; x_wconf 84' lang='lat'>44.</span> <span class='ocrx_word' id='word_1_269' title='bbox 345 1309 470 1350; x_wconf 64' lang='lat' dir='ltr'>[Rides]</span> <span class='ocrx_word' id='word_1_270' title='bbox 496 1310 583 1339; x_wconf 88' lang='lat' dir='ltr'>Ovid.</span> <span class='ocrx_word' id='word_1_271' title='bbox 601 1309 690 1339; x_wconf 81' lang='lat' dir='ltr'>Trist.</span> <span class='ocrx_word' id='word_1_272' title='bbox 705 1310 735 1343; x_wconf 86' lang='lat'>5,</span> <span class='ocrx_word' id='word_1_273' title='bbox 751 1309 780 1344; x_wconf 85' lang='lat'>2,</span> <span class='ocrx_word' id='word_1_274' title='bbox 796 1308 846 1344; x_wconf 87' lang='grc'>46,</span> <span class='ocrx_word' id='word_1_275' title='bbox 871 1309 908 1337; x_wconf 87' lang='lat' dir='ltr'>de</span> <span class='ocrx_word' id='word_1_276' title='bbox 932 1307 1083 1346; x_wconf 83' lang='lat' dir='ltr'>Augusto,</span> <span class='ocrx_word' id='word_1_277' title='bbox 1096 1308 1129 1337; x_wconf 77' lang='lat' dir='ltr'>Si</span> <span class='ocrx_word' id='word_1_278' title='bbox 1139 1303 1194 1346; x_wconf 72' lang='lat' dir='ltr'>fas</span> <span class='ocrx_word' id='word_1_279' title='bbox 1216 1311 1261 1336; x_wconf 74' lang='lat' dir='ltr'>est</span> <span class='ocrx_word' id='word_1_280' title='bbox 1276 1257 1386 1346; x_wconf 53' lang='grc' dir='ltr'><strong><em>Ῐιοηιὶέ</em></strong></span> 
     </span>
     <span class='ocr_line' id='line_1_38' title="bbox 163 1345 1384 1392; baseline -0.006 -8"><span class='ocrx_word' id='word_1_281' title='bbox 163 1364 227 1384; x_wconf 78' lang='lat' dir='ltr'>cum</span> <span class='ocrx_word' id='word_1_282' title='bbox 241 1355 312 1383; x_wconf 88' lang='lat' dir='ltr'>Jove</span> <span class='ocrx_word' id='word_1_283' title='bbox 323 1364 407 1392; x_wconf 79' lang='lat' dir='ltr'>posse</span> <span class='ocrx_word' id='word_1_284' title='bbox 422 1354 507 1392; x_wconf 79' lang='lat' dir='ltr'>loqui.</span> <span class='ocrx_word' id='word_1_285' title='bbox 551 1351 562 1368; x_wconf 88' lang='lat'>‘</span> <span class='ocrx_word' id='word_1_286' title='bbox 574 1353 651 1382; x_wconf 91' lang='lat' dir='ltr'>Nam</span> <span class='ocrx_word' id='word_1_287' title='bbox 673 1360 848 1390; x_wconf 85' lang='lat' dir='ltr'>persuasum</span> <span class='ocrx_word' id='word_1_288' title='bbox 864 1356 909 1380; x_wconf 91' lang='lat' dir='ltr'>est</span> <span class='ocrx_word' id='word_1_289' title='bbox 923 1350 990 1387; x_wconf 91' lang='lat' dir='ltr'>tibi,</span> <span class='ocrx_word' id='word_1_290' title='bbox 1004 1356 1034 1379; x_wconf 84' lang='lat' dir='ltr'>te</span> <span class='ocrx_word' id='word_1_291' title='bbox 1049 1359 1151 1379; x_wconf 82' lang='lat' dir='ltr'>versus</span> <span class='ocrx_word' id='word_1_292' title='bbox 1170 1349 1259 1378; x_wconf 88' lang='lat' dir='ltr'>edere</span> <span class='ocrx_word' id='word_1_293' title='bbox 1279 1345 1384 1388; x_wconf 51' lang='lat' dir='ltr'>quovfi</span> 
     </span>
     <span class='ocr_line' id='line_1_39' title="bbox 164 1391 1384 1436; baseline -0.004 -11"><span class='ocrx_word' id='word_1_294' title='bbox 164 1397 254 1426; x_wconf 89' lang='lat' dir='ltr'>melle</span> <span class='ocrx_word' id='word_1_295' title='bbox 270 1396 429 1431; x_wconf 88' lang='lat' dir='ltr'>dulciores,</span> <span class='ocrx_word' id='word_1_296' title='bbox 442 1395 473 1424; x_wconf 88' lang='lat' dir='ltr'>id</span> <span class='ocrx_word' id='word_1_297' title='bbox 488 1401 543 1430; x_wconf 85' lang='lat' dir='ltr'>est,</span> <span class='ocrx_word' id='word_1_298' title='bbox 558 1400 586 1423; x_wconf 87' lang='lat' dir='ltr'>te</span> <span class='ocrx_word' id='word_1_299' title='bbox 604 1403 698 1423; x_wconf 89' lang='lat' dir='ltr'>unum</span> <span class='ocrx_word' id='word_1_300' title='bbox 710 1393 864 1431; x_wconf 87' lang='lat' dir='ltr'>egregium</span> <span class='ocrx_word' id='word_1_301' title='bbox 881 1399 999 1431; x_wconf 87' lang='lat' dir='ltr'>poetam</span> <span class='ocrx_word' id='word_1_302' title='bbox 1016 1392 1272 1422; x_wconf 80' lang='lat' dir='ltr'>esse.’—Manare</span> <span class='ocrx_word' id='word_1_303' title='bbox 1286 1391 1384 1436; x_wconf 43' lang='lat' dir='ltr'>tran*</span> 
     </span>
     <span class='ocr_line' id='line_1_40' title="bbox 164 1437 1381 1474; baseline -0.005 -6"><span class='ocrx_word' id='word_1_304' title='bbox 164 1439 247 1474; x_wconf 69' lang='lat' dir='ltr'>idve,</span> <span class='ocrx_word' id='word_1_305' title='bbox 263 1444 296 1467; x_wconf 91' lang='lat' dir='ltr'>ut</span> <span class='ocrx_word' id='word_1_306' title='bbox 312 1439 399 1467; x_wconf 86' lang='lat' dir='ltr'>Ovid.</span> <span class='ocrx_word' id='word_1_307' title='bbox 418 1438 490 1466; x_wconf 89' lang='lat' dir='ltr'>Met.</span> <span class='ocrx_word' id='word_1_308' title='bbox 506 1437 536 1473; x_wconf 86' lang='lat'>6,</span> <span class='ocrx_word' id='word_1_309' title='bbox 549 1437 619 1468; x_wconf 82' lang='lat'>312,</span> <span class='ocrx_word' id='word_1_310' title='bbox 636 1437 773 1465; x_wconf 84' lang='lat' dir='ltr'>lacrimas</span> <span class='ocrx_word' id='word_1_311' title='bbox 789 1437 945 1465; x_wconf 82' lang='lat' dir='ltr'>etiamnum</span> <span class='ocrx_word' id='word_1_312' title='bbox 959 1445 1102 1464; x_wconf 82' lang='lat' dir='ltr'>marmora</span> <span class='ocrx_word' id='word_1_313' title='bbox 1116 1438 1244 1463; x_wconf 80' lang='lat' dir='ltr'>manant.</span> <span class='ocrx_word' id='word_1_314' title='bbox 1368 1439 1381 1458; x_wconf 65' lang='lat'>&gt;-</span> 
     </span>
    </p>

    <p class='ocr_par' dir='ltr' id='par_1_7' title="bbox 167 1473 1385 1561">
     <span class='ocr_line' id='line_1_41' title="bbox 207 1473 1385 1519; baseline -0.006 -8"><span class='ocrx_word' id='word_1_315' title='bbox 207 1481 257 1510; x_wconf 83' lang='lat'>45.</span> <span class='ocrx_word' id='word_1_316' title='bbox 283 1479 420 1519; x_wconf 81' lang='lat' dir='ltr'>[naribus</span> <span class='ocrx_word' id='word_1_317' title='bbox 433 1478 494 1519; x_wconf 84' lang='lat' dir='ltr'>uti]</span> <span class='ocrx_word' id='word_1_318' title='bbox 517 1484 552 1508; x_wconf 81' lang='lat' dir='ltr'>&#39;ut</span> <span class='ocrx_word' id='word_1_319' title='bbox 568 1480 628 1508; x_wconf 80' lang='lat' dir='ltr'>Sat.</span> <span class='ocrx_word' id='word_1_320' title='bbox 647 1479 674 1513; x_wconf 94' lang='lat' dir='ltr'>l,</span> <span class='ocrx_word' id='word_1_321' title='bbox 689 1478 720 1516; x_wconf 89' lang='grc'>6,</span> <span class='ocrx_word' id='word_1_322' title='bbox 735 1478 764 1512; x_wconf 88' lang='grc'>5,</span> <span class='ocrx_word' id='word_1_323' title='bbox 785 1488 855 1507; x_wconf 79' lang='lat' dir='ltr'>naso</span> <span class='ocrx_word' id='word_1_324' title='bbox 876 1478 1049 1516; x_wconf 81' lang='lat' dir='ltr'>suspendere</span> <span class='ocrx_word' id='word_1_325' title='bbox 1069 1477 1192 1512; x_wconf 81' lang='lat' dir='ltr'>adunco,</span> <span class='ocrx_word' id='word_1_326' title='bbox 1213 1481 1244 1504; x_wconf 87' lang='lat' dir='ltr'>et</span> <span class='ocrx_word' id='word_1_327' title='bbox 1266 1473 1385 1512; x_wconf 53' lang='lat' dir='ltr'>Persii*</span> 
     </span>
     <span class='ocr_line' id='line_1_42' title="bbox 167 1518 1282 1561; baseline -0.005 -8"><span class='ocrx_word' id='word_1_328' title='bbox 167 1524 195 1561; x_wconf 90' lang='lat' dir='ltr'>l,</span> <span class='ocrx_word' id='word_1_329' title='bbox 207 1523 258 1558; x_wconf 84' lang='grc'>46,</span> <span class='ocrx_word' id='word_1_330' title='bbox 270 1525 352 1552; x_wconf 81' lang='lat' dir='ltr'>uncis</span> <span class='ocrx_word' id='word_1_331' title='bbox 366 1524 488 1552; x_wconf 83' lang='lat' dir='ltr'>naribus</span> <span class='ocrx_word' id='word_1_332' title='bbox 503 1522 654 1560; x_wconf 81' lang='lat' dir='ltr'>indulgere</span> <span class='ocrx_word' id='word_1_333' title='bbox 668 1532 679 1554; x_wconf 91' lang='lat'>,·</span> <span class='ocrx_word' id='word_1_334' title='bbox 703 1522 710 1536; x_wconf 74' lang='lat'><em>⁶</em></span> <span class='ocrx_word' id='word_1_335' title='bbox 720 1519 822 1549; x_wconf 89' lang='lat' dir='ltr'>sannis</span> <span class='ocrx_word' id='word_1_336' title='bbox 837 1519 1071 1558; x_wconf 85' lang='lat' dir='ltr'>vituperantium</span> <span class='ocrx_word' id='word_1_337' title='bbox 1086 1518 1150 1547; x_wconf 86' lang='lat' dir='ltr'>uti.’</span> <span class='ocrx_word' id='word_1_338' title='bbox 1173 1519 1282 1556; x_wconf 81' lang='lat' dir='ltr'>Porph.</span> 
     </span>
    </p>

    <p class='ocr_par' dir='ltr' id='par_1_8' title="bbox 166 1560 1390 2070">
     <span class='ocr_line' id='line_1_43' title="bbox 209 1560 1352 1604; baseline -0.006 -9"><span class='ocrx_word' id='word_1_339' title='bbox 209 1566 340 1600; x_wconf 81' lang='lat'>47—49.</span> <span class='ocrx_word' id='word_1_340' title='bbox 367 1563 531 1604; x_wconf 77' lang='lat' dir='ltr'>[Displicet</span> <span class='ocrx_word' id='word_1_341' title='bbox 555 1565 609 1593; x_wconf 79' lang='lat' dir='ltr'>iste</span> <span class='ocrx_word' id='word_1_342' title='bbox 634 1560 727 1601; x_wconf 70' lang='lat' dir='ltr'>locus]</span> <span class='ocrx_word' id='word_1_343' title='bbox 763 1562 844 1597; x_wconf 88' lang='lat' dir='ltr'>‘ubi,</span> <span class='ocrx_word' id='word_1_344' title='bbox 871 1568 904 1591; x_wconf 89' lang='lat' dir='ltr'>ut</span> <span class='ocrx_word' id='word_1_345' title='bbox 927 1561 1060 1590; x_wconf 83' lang='lat' dir='ltr'>carmina</span> <span class='ocrx_word' id='word_1_346' title='bbox 1085 1569 1153 1590; x_wconf 83' lang='lat' dir='ltr'>mea</span> <span class='ocrx_word' id='word_1_347' title='bbox 1177 1560 1310 1596; x_wconf 88' lang='lat' dir='ltr'>recitem,</span> <span class='ocrx_word' id='word_1_348' title='bbox 1334 1568 1352 1588; x_wconf 87' lang='lat' dir='ltr'>v</span> 
     </span>
     <span class='ocr_line' id='line_1_44' title="bbox 166 1567 1386 1646; baseline -0.006 -9"><span class='ocrx_word' id='word_1_349' title='bbox 166 1609 277 1642; x_wconf 87' lang='lat' dir='ltr'>vultis;</span> <span class='ocrx_word' id='word_1_350' title='bbox 300 1609 392 1646; x_wconf 86' lang='lat' dir='ltr'>probe</span> <span class='ocrx_word' id='word_1_351' title='bbox 409 1607 489 1636; x_wconf 88' lang='lat' dir='ltr'>enim</span> <span class='ocrx_word' id='word_1_352' title='bbox 505 1605 656 1645; x_wconf 85' lang='lat' dir='ltr'>praevideo</span> <span class='ocrx_word' id='word_1_353' title='bbox 670 1605 743 1639; x_wconf 79' lang='lat' dir='ltr'>sore,</span> <span class='ocrx_word' id='word_1_354' title='bbox 758 1610 792 1633; x_wconf 87' lang='lat' dir='ltr'>ut</span> <span class='ocrx_word' id='word_1_355' title='bbox 806 1604 975 1633; x_wconf 87' lang='lat' dir='ltr'>clanculum</span> <span class='ocrx_word' id='word_1_356' title='bbox 996 1608 1100 1642; x_wconf 84' lang='lat' dir='ltr'>postea</span> <span class='ocrx_word' id='word_1_357' title='bbox 1123 1609 1154 1632; x_wconf 87' lang='lat' dir='ltr'>et</span> <span class='ocrx_word' id='word_1_358' title='bbox 1175 1602 1207 1631; x_wconf 87' lang='lat' dir='ltr'>in</span> <span class='ocrx_word' id='word_1_359' title='bbox 1230 1611 1278 1631; x_wconf 90' lang='lat' dir='ltr'>me</span> <span class='ocrx_word' id='word_1_360' title='bbox 1303 1605 1334 1631; x_wconf 86' lang='lat' dir='ltr'>et</span> <span class='ocrx_word' id='word_1_361' title='bbox 1353 1567 1386 1636; x_wconf 56' lang='lat'><strong>3</strong></span> 
     </span>
     <span class='ocr_line' id='line_1_45' title="bbox 166 1643 1390 1687; baseline -0.006 -8"><span class='ocrx_word' id='word_1_362' title='bbox 166 1660 235 1680; x_wconf 89' lang='lat' dir='ltr'>mea</span> <span class='ocrx_word' id='word_1_363' title='bbox 256 1649 464 1679; x_wconf 68' lang='lat' dir='ltr'>invehamini!</span> <span class='ocrx_word' id='word_1_364' title='bbox 479 1665 522 1670; x_wconf 98' lang='lat'>—</span> <span class='ocrx_word' id='word_1_365' title='bbox 538 1646 670 1687; x_wconf 76' lang='lat' dir='ltr'>[diludia</span> <span class='ocrx_word' id='word_1_366' title='bbox 688 1645 790 1686; x_wconf 83' lang='lat' dir='ltr'>posco]</span> <span class='ocrx_word' id='word_1_367' title='bbox 815 1646 972 1685; x_wconf 88' lang='lat' dir='ltr'>“spatium</span> <span class='ocrx_word' id='word_1_368' title='bbox 995 1643 1178 1674; x_wconf 86' lang='lat' dir='ltr'>emendandi</span> <span class='ocrx_word' id='word_1_369' title='bbox 1199 1643 1334 1674; x_wconf 85' lang='lat' dir='ltr'>carmina</span> <span class='ocrx_word' id='word_1_370' title='bbox 1356 1647 1390 1680; x_wconf 50' lang='lat' dir='ltr'>a}</span> 
     </span>
     <span class='ocr_line' id='line_1_46' title="bbox 167 1687 1386 1723; baseline -0.007 -1"><span class='ocrx_word' id='word_1_371' title='bbox 167 1693 421 1722; x_wconf 87' lang='lat' dir='ltr'>intermissionem</span> <span class='ocrx_word' id='word_1_372' title='bbox 445 1701 480 1720; x_wconf 84' lang='lat' dir='ltr'>ac</span> <span class='ocrx_word' id='word_1_373' title='bbox 503 1691 677 1719; x_wconf 84' lang='lat' dir='ltr'>dilationem</span> <span class='ocrx_word' id='word_1_374' title='bbox 700 1689 850 1718; x_wconf 89' lang='lat' dir='ltr'>ludorum.</span> <span class='ocrx_word' id='word_1_375' title='bbox 891 1689 1016 1718; x_wconf 71' lang='lat' dir='ltr'>Diladz&#39;a</span> <span class='ocrx_word' id='word_1_376' title='bbox 1031 1693 1133 1716; x_wconf 84' lang='lat' dir='ltr'>autem</span> <span class='ocrx_word' id='word_1_377' title='bbox 1147 1687 1288 1716; x_wconf 87' lang='lat' dir='ltr'>dicuntur</span> <span class='ocrx_word' id='word_1_378' title='bbox 1309 1691 1386 1723; x_wconf 53' lang='lat' dir='ltr'>teme</span> 
     </span>
     <span class='ocr_line' id='line_1_47' title="bbox 169 1729 1351 1774; baseline -0.006 -10"><span class='ocrx_word' id='word_1_379' title='bbox 169 1744 252 1774; x_wconf 86' lang='lat' dir='ltr'>pora,</span> <span class='ocrx_word' id='word_1_380' title='bbox 269 1744 335 1772; x_wconf 83' lang='lat' dir='ltr'>quae</span> <span class='ocrx_word' id='word_1_381' title='bbox 358 1733 573 1772; x_wconf 80' lang='lat' dir='ltr'>gladiatoribus</span> <span class='ocrx_word' id='word_1_382' title='bbox 595 1732 799 1761; x_wconf 86' lang='lat' dir='ltr'>conceduntur</span> <span class='ocrx_word' id='word_1_383' title='bbox 821 1730 900 1759; x_wconf 84' lang='lat' dir='ltr'>inter</span> <span class='ocrx_word' id='word_1_384' title='bbox 915 1731 979 1760; x_wconf 85' lang='lat' dir='ltr'>dies</span> <span class='ocrx_word' id='word_1_385' title='bbox 993 1739 1163 1765; x_wconf 88' lang='lat' dir='ltr'>munerum,</span> <span class='ocrx_word' id='word_1_386' title='bbox 1178 1729 1287 1766; x_wconf 87' lang='lat' dir='ltr'>quibus</span> <span class='ocrx_word' id='word_1_387' title='bbox 1310 1737 1351 1766; x_wconf 89' lang='lat' dir='ltr'>pu</span> 
     </span>
     <span class='ocr_line' id='line_1_48' title="bbox 167 1736 1387 1811; baseline -0.006 -5"><span class='ocrx_word' id='word_1_388' title='bbox 167 1777 287 1806; x_wconf 79' lang='lat' dir='ltr'>natur.&#39;&#39;</span> <span class='ocrx_word' id='word_1_389' title='bbox 306 1777 410 1805; x_wconf 86' lang='lat' dir='ltr'>Comm.</span> <span class='ocrx_word' id='word_1_390' title='bbox 428 1776 478 1805; x_wconf 88' lang='lat' dir='ltr'>Cr.</span> <span class='ocrx_word' id='word_1_391' title='bbox 507 1776 525 1790; x_wconf 86' lang='lat'>‘⁴</span> <span class='ocrx_word' id='word_1_392' title='bbox 538 1775 580 1804; x_wconf 86' lang='lat' dir='ltr'>Ut</span> <span class='ocrx_word' id='word_1_393' title='bbox 600 1774 679 1803; x_wconf 81' lang='lat' dir='ltr'>intra</span> <span class='ocrx_word' id='word_1_394' title='bbox 699 1774 763 1802; x_wconf 83' lang='lat' dir='ltr'>dies</span> <span class='ocrx_word' id='word_1_395' title='bbox 778 1773 912 1811; x_wconf 89' lang='lat' dir='ltr'>quinque</span> <span class='ocrx_word' id='word_1_396' title='bbox 925 1771 1089 1811; x_wconf 84' lang='lat' dir='ltr'>pugnent.’&#39;</span> <span class='ocrx_word' id='word_1_397' title='bbox 1106 1773 1177 1801; x_wconf 87' lang='lat' dir='ltr'>Acr.</span> <span class='ocrx_word' id='word_1_398' title='bbox 1191 1786 1234 1792; x_wconf 93' lang='lat'>—-</span> <span class='ocrx_word' id='word_1_399' title='bbox 1250 1736 1387 1809; x_wconf 44' lang='lat' dir='ltr'>[Ludna</span> 
     </span>
     <span class='ocr_line' id='line_1_49' title="bbox 171 1811 1390 1857; baseline -0.007 -8"><span class='ocrx_word' id='word_1_400' title='bbox 171 1821 179 1835; x_wconf 80' lang='lat'>‘</span> <span class='ocrx_word' id='word_1_401' title='bbox 190 1820 268 1849; x_wconf 93' lang='lat' dir='ltr'>Nolo</span> <span class='ocrx_word' id='word_1_402' title='bbox 285 1829 321 1848; x_wconf 90' lang='lat' dir='ltr'>ne</span> <span class='ocrx_word' id='word_1_403' title='bbox 337 1828 390 1857; x_wconf 88' lang='lat' dir='ltr'>per</span> <span class='ocrx_word' id='word_1_404' title='bbox 405 1818 510 1847; x_wconf 89' lang='lat' dir='ltr'>ludum</span> <span class='ocrx_word' id='word_1_405' title='bbox 527 1816 648 1855; x_wconf 89' lang='lat' dir='ltr'>quidem</span> <span class='ocrx_word' id='word_1_406' title='bbox 668 1816 746 1845; x_wconf 89' lang='lat' dir='ltr'>inter</span> <span class='ocrx_word' id='word_1_407' title='bbox 760 1825 812 1844; x_wconf 89' lang='lat' dir='ltr'>vos</span> <span class='ocrx_word' id='word_1_408' title='bbox 826 1815 947 1850; x_wconf 83' lang='lat' dir='ltr'>versari,</span> <span class='ocrx_word' id='word_1_409' title='bbox 962 1824 1032 1844; x_wconf 89' lang='lat' dir='ltr'>nam</span> <span class='ocrx_word' id='word_1_410' title='bbox 1047 1813 1126 1843; x_wconf 84' lang='lat' dir='ltr'>acria</span> <span class='ocrx_word' id='word_1_411' title='bbox 1140 1813 1211 1843; x_wconf 87' lang='lat' dir='ltr'>inde</span> <span class='ocrx_word' id='word_1_412' title='bbox 1225 1811 1390 1846; x_wconf 59' lang='lat' dir='ltr'>certamine</span> 
     </span>
     <span class='ocr_line' id='line_1_50' title="bbox 169 1855 1390 1896; baseline -0.007 -5"><span class='ocrx_word' id='word_1_413' title='bbox 169 1862 324 1891; x_wconf 88' lang='lat' dir='ltr'>interdum</span> <span class='ocrx_word' id='word_1_414' title='bbox 339 1861 488 1894; x_wconf 84' lang='lat' dir='ltr'>oriuntur,</span> <span class='ocrx_word' id='word_1_415' title='bbox 505 1869 571 1896; x_wconf 85' lang='lat' dir='ltr'>quae</span> <span class='ocrx_word' id='word_1_416' title='bbox 587 1858 664 1888; x_wconf 90' lang='lat' dir='ltr'>inire</span> <span class='ocrx_word' id='word_1_417' title='bbox 680 1867 781 1887; x_wconf 88' lang='lat' dir='ltr'>meum</span> <span class='ocrx_word' id='word_1_418' title='bbox 798 1867 858 1886; x_wconf 91' lang='lat' dir='ltr'>non</span> <span class='ocrx_word' id='word_1_419' title='bbox 875 1864 939 1887; x_wconf 84' lang='lat' dir='ltr'>est:</span> <span class='ocrx_word' id='word_1_420' title='bbox 963 1856 1037 1886; x_wconf 90' lang='lat' dir='ltr'>nihil</span> <span class='ocrx_word' id='word_1_421' title='bbox 1059 1856 1140 1885; x_wconf 89' lang='lat' dir='ltr'>enim</span> <span class='ocrx_word' id='word_1_422' title='bbox 1163 1855 1238 1884; x_wconf 81' lang='lat' dir='ltr'>mihi</span> <span class='ocrx_word' id='word_1_423' title='bbox 1254 1857 1390 1893; x_wconf 57' lang='lat' dir='ltr'>prosuntss</span> 
     </span>
     <span class='ocr_line' id='line_1_51' title="bbox 169 1898 1390 1939; baseline -0.007 -6"><span class='ocrx_word' id='word_1_424' title='bbox 169 1903 263 1933; x_wconf 89' lang='lat' dir='ltr'>immo</span> <span class='ocrx_word' id='word_1_425' title='bbox 279 1913 314 1933; x_wconf 87' lang='lat' dir='ltr'>ea</span> <span class='ocrx_word' id='word_1_426' title='bbox 329 1904 469 1932; x_wconf 87' lang='lat' dir='ltr'>detestor.</span> <span class='ocrx_word' id='word_1_427' title='bbox 514 1902 597 1939; x_wconf 87' lang='lat' dir='ltr'>Ergo</span> <span class='ocrx_word' id='word_1_428' title='bbox 619 1901 683 1930; x_wconf 88' lang='lat' dir='ltr'>sine</span> <span class='ocrx_word' id='word_1_429' title='bbox 698 1909 747 1929; x_wconf 88' lang='lat' dir='ltr'>me</span> <span class='ocrx_word' id='word_1_430' title='bbox 764 1900 842 1928; x_wconf 84' lang='lat' dir='ltr'>inter</span> <span class='ocrx_word' id='word_1_431' title='bbox 865 1909 916 1928; x_wconf 91' lang='lat' dir='ltr'>vos</span> <span class='ocrx_word' id='word_1_432' title='bbox 938 1898 1089 1934; x_wconf 84' lang='lat' dir='ltr'>rixamini,</span> <span class='ocrx_word' id='word_1_433' title='bbox 1105 1898 1278 1931; x_wconf 85' lang='lat' dir='ltr'>nebulones,</span> <span class='ocrx_word' id='word_1_434' title='bbox 1294 1903 1390 1934; x_wconf 66' lang='lat' dir='ltr'>quau}-</span> 
     </span>
     <span class='ocr_line' id='line_1_52' title="bbox 170 1936 1390 1984; baseline -0.007 -9"><span class='ocrx_word' id='word_1_435' title='bbox 170 1952 236 1976; x_wconf 86' lang='lat' dir='ltr'>tum</span> <span class='ocrx_word' id='word_1_436' title='bbox 262 1945 371 1975; x_wconf 81' lang='lat' dir='ltr'>vultis.&#39;</span> <span class='ocrx_word' id='word_1_437' title='bbox 387 1960 429 1966; x_wconf 90' lang='lat'><strong>—</strong></span> <span class='ocrx_word' id='word_1_438' title='bbox 445 1941 579 1984; x_wconf 82' lang='lat' dir='ltr'>[genuit]</span> <span class='ocrx_word' id='word_1_439' title='bbox 603 1940 768 1984; x_wconf 76' lang='grc' dir='ltr'><strong><em>ἀορίστως,</em></strong></span> <span class='ocrx_word' id='word_1_440' title='bbox 798 1942 938 1980; x_wconf 81' lang='lat' dir='ltr'>‘gignere</span> <span class='ocrx_word' id='word_1_441' title='bbox 967 1940 1061 1970; x_wconf 82' lang='lat' dir='ltr'>solet.’</span> <span class='ocrx_word' id='word_1_442' title='bbox 1078 1956 1118 1962; x_wconf 91' lang='lat'>—-</span> <span class='ocrx_word' id='word_1_443' title='bbox 1134 1936 1312 1979; x_wconf 77' lang='lat' dir='ltr'>[trepidum]</span> <span class='ocrx_word' id='word_1_444' title='bbox 1337 1937 1390 1974; x_wconf 53' lang='lat' dir='ltr'>‘ig</span> 
     </span>
     <span class='ocr_line' id='line_1_53' title="bbox 171 1979 1390 2027; baseline -0.007 -9"><span class='ocrx_word' id='word_1_445' title='bbox 171 1999 232 2027; x_wconf 89' lang='lat' dir='ltr'>quo</span> <span class='ocrx_word' id='word_1_446' title='bbox 253 1988 405 2026; x_wconf 80' lang='lat' dir='ltr'>trepidant</span> <span class='ocrx_word' id='word_1_447' title='bbox 427 1987 458 2023; x_wconf 85' lang='lat' dir='ltr'>ii,</span> <span class='ocrx_word' id='word_1_448' title='bbox 486 1986 535 2024; x_wconf 90' lang='lat' dir='ltr'>qui</span> <span class='ocrx_word' id='word_1_449' title='bbox 563 1986 642 2014; x_wconf 84' lang='lat' dir='ltr'>inter</span> <span class='ocrx_word' id='word_1_450' title='bbox 667 1995 698 2014; x_wconf 89' lang='lat' dir='ltr'>se</span> <span class='ocrx_word' id='word_1_451' title='bbox 719 1990 870 2014; x_wconf 84' lang='lat' dir='ltr'>certamen</span> <span class='ocrx_word' id='word_1_452' title='bbox 890 1983 1082 2013; x_wconf 86' lang='lat' dir='ltr'>committunt</span> <span class='ocrx_word' id='word_1_453' title='bbox 1099 1979 1390 2021; x_wconf 56' lang='lat' dir='ltr'>aerest—[funebre</span> 
     </span>
     <span class='ocr_line' id='line_1_54' title="bbox 173 2025 1070 2070; baseline -0.007 -10"><span class='ocrx_word' id='word_1_454' title='bbox 173 2029 293 2070; x_wconf 84' lang='lat' dir='ltr'>bellum]</span> <span class='ocrx_word' id='word_1_455' title='bbox 316 2033 324 2046; x_wconf 88' lang='lat'>‘</span> <span class='ocrx_word' id='word_1_456' title='bbox 334 2039 426 2069; x_wconf 85' lang='lat' dir='ltr'>prope</span> <span class='ocrx_word' id='word_1_457' title='bbox 441 2028 673 2063; x_wconf 82' lang='lat' dir='ltr'>interneciuum,</span> <span class='ocrx_word' id='word_1_458' title='bbox 689 2027 719 2056; x_wconf 94' lang='lat' dir='ltr'>in</span> <span class='ocrx_word' id='word_1_459' title='bbox 735 2036 795 2065; x_wconf 91' lang='lat' dir='ltr'>quo</span> <span class='ocrx_word' id='word_1_460' title='bbox 810 2026 896 2055; x_wconf 86' lang='lat' dir='ltr'>multi</span> <span class='ocrx_word' id='word_1_461' title='bbox 911 2025 1070 2055; x_wconf 57' lang='lat' dir='ltr'>occidunt)</span> 
     </span>
    </p>
   </div>
   <div class='ocr_carea' id='block_1_4' title="bbox 639 2153 934 2184">
    <p class='ocr_par' dir='ltr' id='par_1_9' title="bbox 639 2153 934 2184">
     <span class='ocr_line' id='line_1_55' title="bbox 639 2153 934 2184; baseline -0.007 0"><span class='ocrx_word' id='word_1_462' title='bbox 639 2153 843 2184; x_wconf 80' lang='lat' dir='ltr'><strong>EPISTOLA</strong></span> <span class='ocrx_word' id='word_1_463' title='bbox 866 2153 934 2183; x_wconf 87' lang='lat' dir='ltr'>XX.</span> 
     </span>
    </p>
   </div>
   <div class='ocr_carea' id='block_1_5' title="bbox 174 2229 1390 2370">
    <p class='ocr_par' dir='ltr' id='par_1_10' title="bbox 174 2229 1390 2370">
     <span class='ocr_line' id='line_1_56' title="bbox 217 2229 1388 2276; baseline -0.008 -4"><span class='ocrx_word' id='word_1_464' title='bbox 217 2243 354 2272; x_wconf 79' lang='lat' dir='ltr'>ARGUM.</span> <span class='ocrx_word' id='word_1_465' title='bbox 378 2241 544 2271; x_wconf 79' lang='lat' dir='ltr'>Probabilis</span> <span class='ocrx_word' id='word_1_466' title='bbox 567 2239 685 2269; x_wconf 83' lang='lat' dir='ltr'>videtur</span> <span class='ocrx_word' id='word_1_467' title='bbox 708 2237 868 2269; x_wconf 87' lang='lat' dir='ltr'>Kirchneri</span> <span class='ocrx_word' id='word_1_468' title='bbox 891 2236 993 2276; x_wconf 88' lang='lat' dir='ltr'>opinio</span> <span class='ocrx_word' id='word_1_469' title='bbox 1008 2230 1151 2275; x_wconf 76' lang='lat' dir='ltr'>(Quaestt.</span> <span class='ocrx_word' id='word_1_470' title='bbox 1167 2234 1272 2264; x_wconf 83' lang='lat' dir='ltr'>Horat.</span> <span class='ocrx_word' id='word_1_471' title='bbox 1287 2243 1318 2272; x_wconf 88' lang='lat' dir='ltr'>p.</span> <span class='ocrx_word' id='word_1_472' title='bbox 1333 2229 1388 2271; x_wconf 56' lang='lat'>37}</span> 
     </span>
     <span class='ocr_line' id='line_1_57' title="bbox 174 2273 1390 2323; baseline -0.009 -9"><span class='ocrx_word' id='word_1_473' title='bbox 174 2287 212 2315; x_wconf 91' lang='lat' dir='ltr'>ab</span> <span class='ocrx_word' id='word_1_474' title='bbox 238 2284 365 2314; x_wconf 83' lang='lat' dir='ltr'>Horatio</span> <span class='ocrx_word' id='word_1_475' title='bbox 386 2284 553 2323; x_wconf 77' lang='lat' dir='ltr'>Epistulam</span> <span class='ocrx_word' id='word_1_476' title='bbox 578 2282 657 2311; x_wconf 88' lang='lat' dir='ltr'>hanc</span> <span class='ocrx_word' id='word_1_477' title='bbox 681 2281 766 2320; x_wconf 87' lang='lat' dir='ltr'>quasi</span> <span class='ocrx_word' id='word_1_478' title='bbox 792 2280 931 2310; x_wconf 82' lang='lat' dir='ltr'>comitem</span> <span class='ocrx_word' id='word_1_479' title='bbox 957 2279 1084 2318; x_wconf 86' lang='lat' dir='ltr'>Epodon</span> <span class='ocrx_word' id='word_1_480' title='bbox 1108 2277 1184 2307; x_wconf 89' lang='lat' dir='ltr'>libro</span> <span class='ocrx_word' id='word_1_481' title='bbox 1205 2274 1304 2314; x_wconf 80' lang='lat' dir='ltr'>(cujus</span> <span class='ocrx_word' id='word_1_482' title='bbox 1326 2273 1390 2304; x_wconf 83' lang='lat' dir='ltr'>edi-</span> 
     </span>
     <span class='ocr_line' id='line_1_58' title="bbox 175 2316 1390 2370; baseline -0.01 -13"><span class='ocrx_word' id='word_1_483' title='bbox 175 2328 289 2358; x_wconf 87' lang='lat' dir='ltr'>tionem</span> <span class='ocrx_word' id='word_1_484' title='bbox 314 2333 435 2365; x_wconf 85' lang='lat' dir='ltr'>propter</span> <span class='ocrx_word' id='word_1_485' title='bbox 458 2325 588 2356; x_wconf 86' lang='lat' dir='ltr'>rationes</span> <span class='ocrx_word' id='word_1_486' title='bbox 611 2322 783 2370; x_wconf 54' lang='grc' dir='ltr'>πολιτικὰς</span> <span class='ocrx_word' id='word_1_487' title='bbox 808 2331 902 2362; x_wconf 81' lang='lat' dir='ltr'>usque</span> <span class='ocrx_word' id='word_1_488' title='bbox 928 2322 968 2351; x_wconf 89' lang='lat' dir='ltr'>ad</span> <span class='ocrx_word' id='word_1_489' title='bbox 990 2327 1094 2350; x_wconf 73' lang='lat' dir='ltr'>A.u.c.</span> <span class='ocrx_word' id='word_1_490' title='bbox 1119 2318 1181 2355; x_wconf 82' lang='lat'>733</span> <span class='ocrx_word' id='word_1_491' title='bbox 1205 2316 1390 2356; x_wconf 83' lang='lat' dir='ltr'>distulerit)=</span> 
     </span>
    </p>
   </div>
  </div>
 </body>
</html>
