1390 2586
136 102 220 143 213
565 100 930 132 mmRPRETATto.
1231 97 1320 141 [nm
1346 97 1351 136 ζ

138 212 253 232 merces
282 202 320 231 ad
350 202 450 240 ipsum
478 200 685 238 perveniebat.
706 215 748 221 -—
769 197 914 239 [colligis]
949 199 958 214 ¹
976 198 1160 236 colligendos
1189 207 1275 228 curas

138 245 326 274 villicos.’—
339 243 409 283 [non
424 248 479 275 est,
500 241 548 281 ut]
573 241 629 271 οὐκ
649 241 717 272 ἔστι
740 238 912 280 (δυνατὸν)
933 238 1032 278 ὅπως,
1054 241 1139 270 ‘fieri
1163 240 1246 270 nullo
1267 236 1356 270 mod⁷

138 288 258 326 potest)
283 287 343 316 Cfr.
362 287 418 315 Od.
433 287 462 319 3,
482 285 509 320 1,
524 286 554 319 9,
578 286 632 314 Est
649 289 681 313 ut
696 286 756 312 viro
771 285 816 313 vir
831 285 920 313 latius
931 285 1054 313 ordinet.
1065 299 1108 305 —
1129 280 1230 322 [usus]
1254 284 1374 328 Opposj.

140 330 223 358 nitur
246 329 405 366 mancipio.
447 328 510 357 Cic.
527 327 566 356 ad
588 328 670 356 Fam.
687 326 715 361 7,
731 326 781 361 30,
804 327 945 361 Atticum,
967 325 1050 365 cujus
1064 327 1198 365 quoniam
1210 325 1377 369 proprium-¹²

142 376 170 401 te
186 382 245 402 esse
261 373 364 400 scribis
379 372 522 408 mancipio
536 374 564 399 et
579 379 660 404 vexo,
675 379 767 398 meum
781 373 877 398 autem
892 378 946 397 usu
959 372 987 398 et
1001 366 1119 407 fructu,
1141 371 1290 398 contentus
1305 368 1376 399 ist&

141 424 213 443 sum.
259 415 297 442 Id
321 416 396 442 em'm
421 418 465 442 est
485 411 632 450 cujusque,
659 422 714 450 quo
741 413 861 450 quisque
879 408 1000 449 fruitur
1027 415 1114 450 atque
1140 396 1374 448 uetitum-[ml

141 454 254 495 ventri]
288 457 426 485 Fortasse
461 455 642 483 meminerat
669 453 822 488 Horatius,
849 462 991 482 versuum
1019 452 1206 490 Theognidis
1228 451 1299 486 719,
1324 451 1373 486 B}

138 495 231 528 Ἶσόν
248 508 297 527 τοι
319 497 530 532 πλουτοῦσιν,
549 494 614 535 ὅτῳ
635 494 740 530 πολὺς
761 493 900 535 ἄργυρός
913 493 1001 524 ἐστιν
1019 492 1084 524 Καὶ
1099 492 1219 534 χρυσὸς
1234 492 1286 523 καὶ
1300 484 1366 536 γῆᾷ

145 539 330 580 πυροφόρου
353 537 459 576 πεδία,
471 536 591 568 “Imm
609 535 635 567 θ’
662 536 792 577 ἡμίονοί
816 546 860 574 τε,
885 537 938 567 καὶ
961 533 986 576 ᾦ
1008 535 1049 566 τὰ
1070 533 1185 566 δέοντα
1204 533 1366 575 πάρεστιύ,

117 600 124 607 -
146 582 265 622 ram-pt
299 592 331 612 τε
358 582 410 612 καὶ
441 579 596 620 πλεύραις
625 580 678 609 καὶ
707 578 807 609 ποσὶν
836 577 924 618 ἁβρὰ
956 577 1076 609 παθεῖν
1105 576 1228 614 Παιδὸς
1257 575 1284 608 τ’
1307 574 1347 615 ἠδ

146 623 308 665 γυναικός.
322 642 363 646 --
376 622 534 664 [pedibus]
562 625 569 638 ‘
585 624 609 652 si
625 623 758 661 podagra
774 632 834 651 non
849 621 987 650 laboras!

187 668 299 702 7-10.
325 665 375 706 [Si
393 665 492 706 forte]
517 667 586 696 Jam
601 665 745 703 sapientis
766 664 973 702 temperantiae
988 663 1163 701 exemplum
1178 662 1283 692 affert:
1307 663 1316 678 ‘
1359 656 1362 658 ’

137 708 231 750 sorte,
253 710 285 738 id
307 711 388 748 quod
414 719 473 738 non
499 718 553 747 pro
574 714 655 737 certo
675 707 762 736 scio:’
788 706 830 746 (v.
847 705 929 744 sorte
947 706 1073 735 minime
1087 661 1373 779 praetervidenduss

147 752 226 790 est:)
247 754 254 767 ‘
267 762 360 790 quum
377 752 449 781 cibis
468 751 647 780 lautioribus
668 749 746 778 vesci
766 749 852 778 facile
873 749 926 778 tibi
942 749 1055 784 liceret,
1075 753 1178 776 tamen
1193 747 1368 791 abstemius*

149 794 207 833 (pr.
225 795 261 823 de
279 795 358 828 vino,
381 795 430 823 hic
445 800 475 822 et
491 794 528 822 de
552 793 617 822 cibo
631 797 661 821 et
676 792 713 820 de
730 798 803 830 potu
815 789 839 829 z)
865 793 872 806 ‘
885 790 1001 820 sobrius
1019 799 1124 819 manes
1139 799 1173 819 ac
1187 789 1263 818 vivis
1276 789 1355 827 legu:
1370 787 1372 793 ’

146 837 280 866 minibus
305 837 496 873 oleribusque
515 841 607 874 atque
632 835 711 863 inter
736 834 800 862 haec
821 834 868 862 vel
884 833 991 868 urtica,
1014 842 1100 870 aeque
1118 841 1208 871 parco
1228 837 1258 861 et
1280 836 1330 860 ten
1368 843 1369 846 ¹

149 880 231 908 victu
255 879 346 908 etiam
367 881 502 918 protinus
515 879 522 891 ⁵
547 878 580 915 (i.
596 887 621 906 e.
645 878 652 892 ‘
665 886 751 915 porro
763 880 791 906 et
805 877 866 905 sine
886 875 1116 910 intermissione,’
1141 874 1219 903 Non.
1234 883 1263 912 p.
1279 873 1340 908 375
1360 872 1369 882 ⁵

147 923 156 938 ‘
167 922 198 951 in
214 928 394 960 perpetuum
409 921 512 956 uteris,
537 921 628 949 etiam
644 919 668 948 si
684 919 783 948 subito
805 918 888 947 dives
903 918 998 946 factus
1015 917 1083 952 eris,
1102 917 1148 946 vel
1171 917 1241 955 quia
1256 921 1329 945 natu

149 965 229 993 ultro
254 970 425 1002 temperans
450 973 492 998 es,
521 963 568 991 vel
594 962 664 1000 quia
687 971 724 990 ex
750 961 836 989 firmo
862 961 1014 998 proposito
1040 959 1172 989 abstines
1195 968 1213 988 a
1234 958 1334 987 luxuri
1354 970 1358 975 >

149 1012 183 1035 ut
198 1007 354 1045 sapientiae
370 1005 526 1044 praeceptis
541 1003 824 1034 satisfacias.’—In
837 1003 930 1032 medio
949 1004 1051 1040 positae
1071 1007 1142 1030 sunt
1155 1010 1213 1036 res,
1238 1010 1334 1039 quatu
1355 1035 1358 1037 Α

149 1055 282 1087 potestas
305 1049 390 1078 nobis
411 1055 456 1077 est
480 1057 514 1076 ac
537 1047 613 1076 liber
630 1056 760 1075 usus.—
774 1043 903 1084 [urtica‘]
930 1045 984 1074 Est
1005 1043 1129 1074 omnino
1152 1044 1256 1081 planta
1278 1043 1328 1081 huj

149 1091 291 1126 nominis,
318 1092 378 1129 qua
403 1091 470 1119 ltali
495 1090 585 1119 etiam
606 1098 686 1118 nunc
708 1098 788 1123 vere,
811 1088 883 1116 dum
908 1092 1012 1116 tenera
1034 1091 1089 1120 est,
1114 1086 1192 1114 vesci
1213 1085 1369 1124 interdumss

149 1135 263 1167 solent;
288 1143 348 1162 non
370 1133 466 1162 urtica
489 1132 606 1161 marina
623 1131 758 1159 Medusae
773 1139 879 1169 genus,
902 1139 969 1167 quae
984 1130 1015 1158 in
1035 1128 1166 1166 opiparis
1190 1127 1335 1166 pontificu

150 1177 243 1206 coenis
259 1177 475 1214 apponebatur.
519 1175 630 1204 Herbis
644 1179 746 1202 autem
760 1177 789 1202 et
804 1173 901 1201 urtica
916 1172 1028 1200 dictum
1045 1176 1100 1206 est,
1120 1175 1153 1199 ut
1169 1171 1225 1199 Od.
1239 1170 1265 1202 l.
1278 1169 1326 1205 12,

150 1220 231 1248 silvae
247 1223 275 1247 et
297 1228 426 1257 quercus.
479 1217 567 1246 Ovid.
586 1216 658 1244 Met.
678 1215 726 1250 10,
747 1214 818 1249 261,
840 1218 869 1243 et
884 1214 974 1252 flores
989 1214 1067 1243 mille
1081 1213 1203 1242 colorum
1222 1213 1368 1250 Liliaqua

151 1277 194 1282 -—
206 1259 270 1299 [ut]
290 1262 297 1276 ‘
309 1261 388 1295 licet,
402 1259 563 1298 quamvis3'
580 1268 640 1287 non
655 1254 722 1286 ἵνα.
734 1273 775 1278 -
788 1253 936 1295 [inauret]
955 1256 1096 1294 Suspicor
1106 1255 1254 1294 proverbii
1269 1255 1377 1290 locum.

151 1303 318 1333 obtinuisse
347 1303 489 1332 Fortunae
514 1311 639 1330 aureum
666 1301 774 1334 rivum,
804 1300 835 1327 in
865 1308 955 1336 quem
982 1298 1033 1327 ubi
1062 1297 1130 1335 quis
1158 1306 1190 1326 se
1212 1296 1370 1334 immersit,

151 1344 312 1383 confestim,
336 1346 366 1374 id
392 1350 448 1382 est,
476 1350 600 1382 repente
622 1344 686 1381 ipse
716 1342 800 1370 dives
822 1339 1083 1379 fin—[naturam
1110 1343 1222 1369 mutare
1244 1339 1378 1377 pecunia*

151 1386 260 1426 nescit]
298 1390 306 1403 ‘
331 1388 391 1419 Qui
421 1387 531 1416 natura
565 1386 612 1415 vel
645 1385 709 1413 sine
737 1383 986 1422 philosophorum
1014 1382 1171 1421 praeceptis
1199 1387 1374 1419 temperant

152 1436 207 1466 est,
234 1430 324 1459 etiam
346 1430 429 1459 dives
451 1430 557 1464 factus,
583 1428 667 1466 prius
691 1427 760 1455 vitae
780 1435 886 1464 genus,
909 1427 996 1455 bonae
1022 1423 1189 1454 valetudini
1208 1424 1295 1453 unice
1317 1432 1371 1462 ap·

151 1478 227 1506 tum,
248 1472 366 1502 servat.'
1355 1463 1358 1467 ⁴

199 1515 330 1544 12-14,
355 1511 535 1553 [Miramur]
559 1511 690 1541 ‘Virtuti
706 1515 807 1540 autem
827 1515 857 1539 te
871 1510 919 1539 vel
935 1509 1068 1538 maxime
1087 1509 1209 1538 studere
1224 1512 1254 1537 et
1273 1507 1371 1546 philo-

154 1558 268 1595 sophiae
293 1558 430 1586 deditum
453 1565 516 1584 esse
540 1555 678 1593 gaudem
700 1554 812 1582 etenim
834 1552 859 1581 si
883 1552 1039 1586 miramur,
1064 1551 1269 1580 Democritum
1286 1551 1371 1579 illum

155 1610 219 1629 rem
243 1600 423 1628 familiarem
449 1599 486 1627 ob
509 1597 665 1636 sapientiae
688 1596 788 1625 studia
810 1604 932 1633 prorsus
955 1594 1134 1632 neglexisse,
1160 1593 1256 1622 multo
1277 1592 1370 1631 magis

154 1642 288 1681 profecto
305 1648 333 1670 te
354 1641 539 1670 admiremur
559 1648 679 1668 necesse
700 1644 754 1673 est,
778 1638 829 1675 qui
851 1637 930 1666 inter
951 1637 1048 1666 multa
1066 1635 1188 1672 negotia
1207 1634 1371 1664 necessaria

157 1685 292 1722 quidem,
316 1685 368 1713 sed
384 1684 538 1712 interdum
554 1682 730 1715 sordidiora,
755 1686 789 1708 ut
809 1684 854 1708 est
874 1679 1044 1708 tabularum
1059 1677 1183 1716 expensi
1199 1678 1371 1716 acceptique
1387 1712 1390 1716 Δ

156 1727 313 1760 confectio,
338 1727 418 1755 inter
443 1725 581 1753 homines
610 1724 742 1762 quaestus
765 1732 799 1751 ac
826 1722 900 1750 lucri
929 1721 1065 1759 cupidos,
1093 1720 1273 1758 quibuscum
1296 1728 1371 1758 saepe

155 1769 268 1798 versari
284 1769 385 1802 debes,
408 1767 606 1796 nihilominus
621 1764 820 1804 philosophiae
835 1769 864 1793 et
885 1763 1018 1802 physicis
1037 1762 1145 1792 studiis
1158 1761 1268 1791 vacas.’
1313 1761 1366 1791 Cic

158 1812 196 1840 de
213 1812 279 1841 Fin.
296 1812 326 1846 5,
349 1811 399 1844 29,
425 1810 484 1838 Cur
499 1814 540 1838 tot
556 1810 650 1838 maria
674 1807 836 1837 transmisit
851 1807 1060 1836 Democritus?
1080 1806 1131 1844 qui
1156 1803 1236 1844 (vere
1248 1801 1365 1842 falsane

159 1864 211 1883 cur
239 1862 430 1892 quaereremus
443 1851 472 1889 ?)
506 1852 616 1880 dicitur
641 1851 730 1880 oculis
753 1859 782 1879 se
803 1850 956 1887 privasse5
981 1851 1068 1881 certe,
1097 1851 1130 1876 ut
1152 1856 1238 1886 quam
1262 1847 1369 1875 minim

158 1898 273 1926 animus
283 1906 302 1925 a
317 1895 542 1933 cogitationibus
556 1894 760 1926 abduceretur,
773 1892 980 1930 patrimonium
994 1890 1132 1928 neglexit,
1149 1898 1236 1928 agros
1250 1888 1365 1918 deserui

158 1939 344 1968 incultos.—
362 1935 507 1976 [peregre
531 1934 590 1974 est]
614 1933 823 1963 ‘meditationi
847 1934 1007 1962 immersus
1031 1937 1063 1961 et
1091 1933 1177 1970 quasi
1204 1935 1362 1968 segregatu
1386 1940 1390 1969 ς

160 1991 179 2010 a
207 1990 342 2018 corpore,
366 1979 471 2017 procul
497 1979 580 2007 abest
608 1987 626 2006 a
647 1978 736 2006 rebus
761 1975 972 2005 terrestribus.’
993 1990 1035 1996 —-
1050 1971 1162 2013 [velox]
1193 1973 1295 2002 ‘inter
1316 1981 1390 2001 vert

160 2022 294 2062 Θεωρίας
318 2023 430 2059 magna
453 2030 522 2050 cum
549 2020 692 2049 facilitate
720 2014 1084 2056 versans.’——[scabiem]
1109 2015 1281 2044 ‘sordidam
1304 2014 1370 2044 alio*

160 2075 230 2095 rum
256 2065 424 2099 avaritiam,
453 2063 633 2100 quibuscum
660 2062 802 2099 Agrippae
826 2060 957 2090 rationes
986 2058 1040 2088 tibi
1069 2058 1213 2097 putandae
1238 2057 1390 2086 sunt-’m—⁴

163 2105 334 2147 [contagia]
359 2108 367 2122 ⁴
383 2117 450 2145 quae
464 2105 538 2134 lucri
554 2105 664 2143 cupido
685 2101 783 2133 morbi
798 2102 963 2141 contagiosi
978 2102 1073 2130 instar
1087 2102 1152 2140 jam
1167 2108 1260 2139 prope
1275 2107 1364 2128 omne
1382 2110 1390 2134 q

159 2150 290 2179 invasit!

205 2193 253 2222 15.
288 2189 419 2231 [sapias]
455 2188 638 2228 Simpliciter
666 2197 721 2226 pro
746 2187 879 2228 φρονῇς,
909 2186 1041 2224 cogites!
1057 2181 1286 2224 --[mblt'm1'a]
1310 2181 1320 2198 ‘
1339 2189 1390 2212 nt

161 2231 311 2276 μετέωρα,
328 2233 488 2267 coelestia3’
513 2235 519 2248 ‘
535 2231 756 2270 philosophiam
772 2229 949 2268 physicam!
982 2229 1086 2258 Comm.
1103 2227 1192 2265 Gruq.
1388 2232 1390 2258 ζ

206 2276 336 2306 16—20.
362 2275 452 2314 [Quae
474 2271 570 2312 mare]
596 2273 715 2302 Similes
739 2272 796 2301 loci
819 2277 889 2301 sunt
906 2271 989 2309 Virg.
1014 2271 1069 2300 Ge.
1095 2269 1126 2307 2,
1149 2267 1219 2303 475.
1244 2267 1364 2306 Proper!
1384 2272 1390 2307 l

165 2319 196 2358 3,
220 2320 249 2355 5,
274 2319 324 2348 25.
357 2318 464 2347 Manil.
492 2316 519 2352 1,
542 2316 644 2346 99.-
660 2309 1051 2353 [compescant—temperet]
1085 2311 1220 2350 Propert.
1246 2310 1265 2339 1.
1289 2310 1309 2339 1.
1328 2307 1390 2344 354Ι

1388 2399 1390 2410 Ι
