1390 2586
48 38 116 106 aaa.
131 77 156 102 ι.
169 65 220 110 α]
468 62 838 95 ιΝτΕιιΡΒΕΤΛΉο.
1201 61 1282 104 201

42 188 57 196 -
91 169 224 202 21—25.
247 164 443 211 [procurare]
469 165 537 195 Hoc
552 164 642 195 dicit:
668 164 677 180 ‘
688 173 737 194 me
751 163 818 203 ipso
833 163 1023 203 inspectante
1038 173 1142 193 servus
1157 168 1290 194 structor

49 222 196 249 mum.
210 217 245 243 nt
257 211 352 246 decet,
366 208 545 248 apparabit.’
577 207 692 237 Pendet
707 212 809 237 autem
822 216 850 236 v.
864 217 1026 246 procurare
1041 213 1071 236 et
1086 217 1104 236 a
1121 216 1147 237 v.
1164 208 1287 238 idoneus

50 254 105 298 (ad
116 254 304 297 providenda
321 253 434 288 omnia,
457 249 642 289 ἐπιτήδειος
664 248 864 291 οἰκονομεῖν)
881 256 911 280 et
933 260 951 280 a
966 260 993 280 v.
1010 252 1198 290 imperor.—
1211 248 1283 290 [im-

46 296 151 341 m]
170 307 226 340 pro
237 298 401 337 imperatur
415 296 488 325 mihi
503 294 582 324 dixit
596 295 635 323 ad
650 294 822 332 analogiam
839 303 868 322 v.
883 292 1003 333 jubeor.
1015 309 1058 315 —·
1071 291 1175 334 [turpe
1191 291 1285 334 toral]

49 349 90 375 ne
102 350 307 383 uymnymum
321 339 360 369 sit
375 349 403 369 v,
419 339 580 373 immunda,
596 336 835 376 explicabimus:
859 337 868 352 ‘
880 347 938 366 usu
960 336 1106 367 detritum
1127 342 1157 366 et
1177 337 1286 367 coloris

49 383 302 424 “gilfil—[ne
315 380 388 422 non]
414 384 421 397 ‘
435 388 468 411 ut
485 381 592 420 pocula
606 387 636 410 et
651 379 764 420 patinae
779 379 918 418 argentei
933 380 1047 420 speculi
1063 380 1159 410 instar
1182 381 1286 419 splen-

48 423 383 468 daune—[eliminet]
407 426 514 454 ‘extra
542 424 636 454 limen
659 424 768 453 domus
789 433 866 453 meae
888 433 983 462 quum
1013 422 1133 460 exierit,
1161 430 1287 463 propter

149 471 252 501 itatem
268 475 383 500 temere
398 468 536 506 divulget
550 467 744 497 convivarum
760 466 937 497 sermones.’

86 513 140 551 ss,
162 513 212 550 27.
235 512 382 554 [Butram
411 507 643 551 Septiciumque]
677 510 795 539 sodales
819 509 966 548 Torquati
993 515 1024 539 et
1051 509 1172 539 Horatii
1198 509 1286 540 nobis

45 554 316 599 ifflost—[coena
334 553 434 595 prior]
456 554 466 570 ‘
479 555 518 584 ad
538 563 629 592 quam
651 553 735 592 prius
758 563 850 592 quam
874 554 911 583 ad
929 563 1028 583 meam
1052 553 1180 583 sortasse
1203 554 1284 583 invi-

46 599 127 633 ὡς
147 596 455 641 εεῐ.’-;-[δαὸὶιιιιηι]
481 599 627 627 Sabinum
651 597 733 626 hunc
759 597 810 626 alii
835 597 941 626 volunt
967 606 1033 626 esse
1062 597 1099 626 A.
1126 596 1287 633 Sabinum,

46 642 148 676 Ovidii
162 642 295 674 amicum
311 641 398 682 (Am.
416 642 446 677 2,
464 640 513 676 18,
532 639 596 679 17),
612 639 660 669 cui
675 640 749 669 olim
770 639 945 669 tribuebant
968 646 1028 669 tres
1046 639 1196 669 Heroides
1213 640 1286 670 Ovi-

45 686 145 721 manis
166 687 347 726 plerumque
371 685 555 723 subjunctas,
577 693 608 713 re
624 683 696 712 vera
712 689 814 712 autem
829 683 1010 723 compositas
1025 684 1149 712 demum
1166 683 1287 713 circiter

42 735 74 762 a»
90 729 186 766 1467,
208 731 246 760 ab
269 729 389 767 Angelo
409 727 542 760 Quirino
566 725 689 762 Sabino,
714 727 914 763 grammatico
937 727 1034 763 ltalo;
1058 726 1110 756 alii
1137 727 1286 757 Sabinum

46 772 201 807 Tironem,
216 772 269 812 qui
285 773 396 802 librum
412 770 583 811 Cepuriccm
601 769 763 799 Maecenati
778 769 900 799 dicavit.
925 768 1018 810 (Plin.
1039 770 1075 799 H.
1094 770 1132 800 Ν.
1152 770 1200 806 19,
1219 768 1283 809 10.)

87 816 226 847 28—31.
250 813 394 856 [umbris]
426 813 581 844 ‘convivis
607 823 625 843 a
652 813 846 842 convivatore
870 823 931 842 non
956 813 1104 848 invitatis,
1128 814 1183 843 sed
1208 823 1284 852 quos

43 859 100 900 qui
121 859 242 889 invitati
262 864 334 889 sunt
355 858 510 888 interdum
532 866 635 886 secum
660 855 796 886 ducunt!
828 856 889 886 Cfr.
908 857 969 886 Sat.
985 857 1014 892 2,
1033 856 1063 893 8,
1082 857 1131 886 22.
1179 857 1286 888 Plures

0 900 1 939 f
42 909 149 934 autem
162 902 236 933 dicit
248 903 286 932 ad
302 911 455 931 summum
470 906 611 939 quatuor,
635 899 746 938 quibus
761 899 867 929 solitus
890 900 1074 930 novenarius
1089 899 1287 930 convivarum

0 942 1 949 ¹
45 955 192 976 numerus
215 945 354 985 expletus
379 949 467 975 esset.
510 943 617 979 varro,
642 943 724 981 apud
746 943 824 972 Gell.
848 943 896 979 13,
916 943 965 979 11,
988 943 1063 972 dicit
1087 943 1286 974 convivarum

45 998 208 1020 numerum
228 988 365 1027 incipere
387 997 405 1017 a
428 986 604 1017 Gratiarum
626 995 754 1015 numero
779 991 810 1016 et
833 987 977 1025 progredi
1000 987 1039 1015 ad
1062 987 1287 1016 Musarum.—

44 1029 123 1075 [Sea
133 1029 236 1071 nimis]
258 1031 382 1062 ‘Nolim
403 1036 506 1061 tamen
530 1029 642 1059 nimius
662 1029 702 1058 sit
723 1030 900 1059 umbrarum
924 1035 1046 1059 tuarum
1067 1040 1223 1065 numerus,
1246 1039 1286 1060 ne

88 1085 142 1106 um
167 1081 250 1106 arcte
275 1075 452 1105 accumbere
476 1083 629 1112 cogamur,
654 1072 742 1102 soetor
767 1073 885 1102 alarum
903 1071 1010 1112 (quem
1036 1084 1156 1112 caprum
1173 1073 1286 1103 Catuli.

87 1139 97 1155 ,
110 1119 142 1155 ὃ,
162 1119 275 1149 hircum
296 1117 393 1157 Epod.
413 1117 461 1154 12,
476 1118 505 1153 5,
522 1115 683 1154 vocabant)
704 1116 791 1146 nobis
813 1117 958 1146 molestus
981 1115 1107 1146 fiat.'—
1120 1114 1283 1156 [rescribe]

45 1161 217 1195 *Quodn-ca
231 1162 373 1198 rescribe,
395 1170 464 1191 cum
485 1166 558 1199 quot
574 1158 735 1188 comitibus
750 1160 789 1189 ad
810 1169 927 1189 coenam
944 1169 1044 1189 meam
1060 1166 1206 1190 venturus
1222 1159 1285 1190 sis!

45 1199 143 1236 ἧλοι.
165 1205 208 1235 Ut
222 1205 325 1234 omnia
337 1210 407 1243 apte
422 1202 586 1243 praeparari
602 1202 726 1242 possint.
736 1219 779 1224 —
790 1201 910 1243 [rebus]
935 1204 944 1219 ‘
954 1202 1083 1241 negotiis
1092 1203 1172 1242 juris
1187 1203 1285 1233 civilis

43 1257 83 1280 nt
103 1237 285 1278 litibusJ-ss-
301 1245 394 1288 [salle
415 1243 566 1285 clientem]
597 1245 694 1275 ‘clam
719 1246 863 1276 subtrahe
890 1252 920 1276 te
946 1246 1050 1275 clienti
1077 1246 1284 1285 qualicunque

44 1289 123 1334 (non
139 1292 238 1322 solum
254 1291 379 1321 Moscho
394 1289 464 1328 illi),
481 1290 533 1328 qui
550 1289 598 1318 vel
613 1290 669 1318 sub
684 1298 823 1318 occasum
839 1289 920 1326 solis,
936 1289 1011 1319 hora
1025 1290 1152 1319 minime
1174 1299 1285 1329 oppor-

44 1335 131 1372 tuna,
155 1342 184 1365 te
207 1335 245 1364 de
265 1335 357 1364 causa
375 1334 431 1363 sua
453 1333 612 1362 consulere
631 1341 759 1370 eamque
779 1337 809 1362 te
825 1333 932 1362 docere
949 1333 1042 1372 cupit,
1064 1338 1156 1372 atque
1171 1333 1285 1364 atrium

44 1377 156 1408 domas
171 1384 231 1408 tuae
244 1382 343 1408 servat
359 1376 407 1417 (id
422 1383 476 1412 est,
492 1375 583 1405 anxie
598 1375 746 1414 explorat,
761 1376 870 1405 necubi
886 1381 952 1405 tute
966 1386 1112 1415 appareas
1128 1377 1175 1406 vel
1192 1376 1285 1406 etiam

43 1420 187 1452 usuarius
201 1420 322 1460 aliquis,
336 1430 391 1460 per
406 1429 496 1458 quem
513 1419 551 1448 ad
567 1425 596 1448 te
612 1416 818 1459 admittatur),
834 1429 890 1458 per
904 1419 1015 1449 ostium
1027 1421 1173 1458 posticum
1190 1416 1286 1461 (ψευ-

43 1459 188 1507 δόθυρον
202 1464 234 1495 in
249 1463 415 1504 posteriore
437 1463 551 1492 aedium
566 1459 670 1501 parte)
686 1462 841 1493 evadens!

519 1561 732 1591 EPISTOLA
756 1560 810 1591 VI.

89 1638 226 1670 annun.
250 1637 346 1668 Missa
355 1642 402 1667 est
412 1637 451 1668 ad
462 1637 638 1667 Numicium
651 1636 816 1675 quendam,
828 1635 984 1666 hominem
998 1646 1121 1675 prorsus
1133 1635 1286 1675 ignotum,

43 1680 87 1713 fle
99 1683 184 1721 eujus
199 1682 301 1712 indole
316 1691 351 1711 ac
370 1681 505 1710 moribus
522 1680 572 1710 vix
596 1680 764 1719 quidquam
789 1690 827 1709 ex
848 1679 914 1718 ipsa
931 1680 1070 1718 Epistola
1092 1680 1205 1716 elicias,
1227 1681 1285 1711 etsi

45 1729 108 1759 tam
130 1725 226 1755 multa
247 1724 280 1754 in
303 1725 340 1754 ea
362 1724 457 1754 oculis
478 1724 546 1762 plus
569 1733 660 1762 quam
685 1723 800 1761 lynceis
817 1723 894 1753 vidit
912 1723 1101 1759 Wielandus,
1129 1730 1161 1753 ut
1186 1724 1284 1755 facete

40 1764 159 1801 dixerit
168 1767 289 1804 Jacobs,
301 1767 437 1798 Numicii
452 1766 583 1805 effigiem
599 1768 636 1796 ab
651 1767 708 1796 hoc
724 1776 898 1805 expressam
914 1766 1100 1796 simillimam
1115 1777 1179 1797 esse
1194 1768 1285 1798 Demi

41 1811 283 1846 *Atheniensium
305 1821 323 1840 a
341 1810 499 1840 Parrhasio
518 1809 601 1848 picti,
624 1810 657 1839 in
681 1820 741 1848 quo
764 1815 885 1839 auctore
902 1809 1001 1839 Plinio
1018 1810 1084 1849 (35,
1104 1810 1154 1846 10,
1178 1820 1200 1840 s.
1215 1809 1284 1850 36‚)

21 1854 156 1887 =nrtifex
177 1854 296 1884 volebat
315 1855 413 1884 omnia
432 1855 551 1892 pariter
571 1854 731 1883 ostendere.
773 1853 927 1888 Numicio,
947 1854 1054 1892 juveni
1079 1855 1159 1883 bona
1181 1853 1286 1884 indole

39 1897 175 1939 &redito
193 1895 347 1937 (alioquin
367 1896 450 1926 enirn
474 1896 619 1926 Horatius
642 1905 712 1925 eum
738 1895 771 1926 in
795 1896 946 1925 sodalium
972 1906 1096 1926 suorum
1121 1906 1286 1927 numerum

45 1948 109 1973 nun
123 1940 286 1979 recepisset
297 1938 321 1979 ε)
344 1939 505 1970 consilium
520 1939 581 1976 dat,
597 1944 630 1969 ut
645 1945 762 1968 certum
778 1939 930 1978 quoddam
948 1938 1070 1969 vivendi
1093 1939 1284 1978 propositum

37 1983 150 2023 ffiligat,
175 1983 367 2022 electumque
389 1987 562 2012 constanter
587 1988 699 2017 teneat,
722 1992 778 2012 nec
800 1982 831 2011 in
848 1982 970 2012 vivendi
997 1992 1110 2020 genere
1136 1988 1285 2022 perpetuo

38 2026 145 2064 mutet,
169 2026 428 2065 quemadmodum
450 2025 588 2065 plerique
613 2026 764 2056 mortales.
810 2026 959 2065 Scriptam
982 2026 1147 2055 arbitratur
1173 2025 1286 2056 Kirch-

33 2067 140 2115 §erus
156 2077 187 2100 Δ.
198 2077 229 2099 u.
241 2077 270 2099 ο.
284 2068 355 2104 738.
400 2069 490 2098 Certe
505 2068 615 2107 scripta
628 2074 674 2098 est
688 2074 756 2108 post
771 2077 802 2099 Α.
815 2076 847 2098 υ.
860 2077 887 2098 ο.
902 2068 974 2104 729,
991 2075 1024 2098 ut
1039 2069 1127 2098 docet
1142 2078 1169 2098 v.
1186 2069 1238 2100 26.

36 2119 62 2151 -ὴ
79 2112 120 2148 kl.
143 2113 173 2143 2.
199 2110 273 2152 [Nil
296 2109 458 2151 admirari]
483 2111 510 2140 A
531 2111 666 2142 ridiculis
688 2112 809 2142 Horatii
831 2112 1083 2142 obtrectatoribus
1106 2112 1171 2142 haec
1194 2114 1287 2144 verba

36 2147 122 2197 m
146 2156 240 2196 opera
270 2155 303 2184 in
331 2155 515 2184 deteriorem
543 2160 659 2194 partem
693 2155 839 2194 explicari
868 2155 976 2190 solent,
1009 2155 1096 2193 quasi
1129 2155 1286 2187 exhaustis

141 2199 183 2229 ris
210 2199 326 2228 viribus
354 2202 386 2228 et
414 2199 486 2227 vit-ae
514 2198 606 2227 taedio
634 2203 740 2236 captus
769 2198 802 2228 in
834 2208 871 2228 ea
899 2198 1091 2237 proruperit;
1124 2199 1178 2228 sed
1205 2199 1286 2230 nihil

153 2247 184 2272 to
203 2242 288 2272 aliud
307 2241 389 2279 fecit,
412 2250 503 2280 quam
526 2246 561 2270 ut
582 2246 734 2280 repeteret
754 2241 999 2280 antiquissimam
1015 2242 1192 2271 Graecorum
1214 2243 1287 2273 doc-

165 2306 174 2322 ,
196 2295 266 2324 quae
291 2284 424 2324 primum
451 2283 643 2324 potissimum
667 2284 706 2313 ad
730 2290 846 2314 naturae
870 2282 1052 2326 φαινόμενα
1076 2285 1181 2324 priscis
1203 2296 1286 2315 mor·

40 2319 166 2374 *ua
189 2333 336 2358 terrorem
359 2327 495 2358 incutere
522 2327 620 2364 solita,
637 2327 763 2400 1{iegnde
791 2333 823 2358 et
848 2329 886 2358 ab
917 2328 1050 2367 Epicuro
1077 2333 1108 2358 et
1133 2338 1152 2359 a
1179 2329 1288 2359 Stoicis
