1390 2586
363 121 685 151 EPISTOLARUM
716 122 805 151 Lm.
830 122 859 150 1.
884 98 961 150 16?
1237 113 1290 151 75

27 222 132 324 ἔστι
154 223 361 266 hominem
382 223 536 266 occidi:
572 224 666 266 Non
689 239 830 281 pasces
851 223 892 265 in
915 238 1035 265 cruce
1057 239 1211 266 corvos.

71 297 136 322 um
162 281 290 323 bonus
311 291 353 324 et
372 282 495 338 frugi.
560 282 719 323 Renuit
739 283 979 338 negitatque
1003 281 1214 324 Sabellus:

35 337 194 381 Cautus
214 339 324 380 enim
346 341 493 381 metuit
513 340 672 382 foveam
695 340 829 395 lupus,
851 339 1130 395 accipiterque
1236 343 1291 381 50

35 395 255 453 Suspectos
276 396 456 452 laqueos,
477 406 520 438 et
540 406 728 453 opertum
751 397 912 439 milvius
934 397 1112 438 hamum.

35 453 228 496 Oderunt
246 469 416 510 peccare
438 455 535 496 boni
557 455 718 497 virtutis
738 470 874 496 amore
893 470 901 495 :

34 509 104 553 Tu
125 511 226 552 nihil
245 511 436 554 admittes
458 513 498 554 in
522 523 562 554 te
583 513 799 554 formidine
821 527 966 568 poenae.

35 567 101 611 Sit
119 583 212 625 spes
232 569 412 619 fallendi,
437 570 624 612 miscebis
645 585 757 612 sacra
777 571 979 626 profanis:

35 624 143 669 Nam
164 626 214 668 de
237 627 348 668 mille
369 627 472 670 fabae
493 628 637 670 modiis
658 642 786 683 quum
807 627 975 684 surripis
996 643 1137 678 unum,
1236 631 1290 669 55

33 680 245 726 Damnum
267 692 342 735 est,
365 700 446 727 non
468 685 638 735 facinus,
661 685 760 726 mihi
782 694 901 741 pacto
922 685 1054 727 lenius
1075 685 1164 727 isto.

33 739 111 783 Vir
147 742 289 793 bonus,
326 758 447 784 omne
477 744 608 785 forum
644 758 768 799 quem
803 751 961 799 spectat
993 752 1035 785 et
1066 757 1186 785 omne
1219 741 1292 784 tri-

145 799 283 850 bunah

34 853 379 913 Quandocunque
402 857 518 899 Deos
538 857 603 899 vel
624 873 747 914 porco
769 858 834 900 vel
856 858 959 900 bove
980 858 1127 915 placat,

31 904 137 962 &ane
158 922 286 971 pater,
310 915 430 965 clare,
454 915 559 957 clare
581 931 708 971 quum
730 916 847 966 dixit,
874 916 1038 972 Apollo,

34 968 170 1014 Labra
189 981 339 1022 movet,
362 982 550 1015 metuens
570 973 727 1014 audiri:
765 973 940 1016 Pulchra
963 973 1166 1025 Laverna,
1234 976 1289 1015 60

33 1026 105 1079 Da
123 1029 223 1071 mihi
244 1030 396 1080 fallere,
420 1031 470 1072 da
484 1032 598 1087 justo
618 1039 842 1087 sanctoque
864 1031 992 1073 videri
1008 1047 1019 1081 ;

34 1083 210 1129 Noctem
233 1088 422 1143 peccatis,
445 1097 487 1130 et
507 1088 718 1131 fraudibus
740 1089 872 1145 objice
895 1090 1059 1131 nubem.

34 1142 123 1194 Qui
143 1145 286 1186 melior
306 1161 435 1196 servo,
458 1146 531 1202 qui
554 1146 717 1188 liberior
736 1147 790 1188 sit
809 1162 966 1197 avarus,

35 1199 85 1244 In
105 1202 234 1244 triviis
255 1202 383 1245 fixum
404 1219 531 1258 quum
552 1219 595 1246 se
617 1204 796 1246 demittit
816 1205 868 1246 ob
888 1220 1032 1254 assem,

34 1257 129 1302 Non
152 1260 294 1302 video:
318 1276 411 1303 nam
434 1261 504 1317 qui
526 1262 677 1318 cupiet,
702 1271 858 1305 metuet
879 1275 1067 1318 quoque3
1089 1277 1210 1319 porro
1235 1265 1289 1303 65

35 1315 121 1366 Qui
142 1327 330 1360 metuens
350 1319 472 1369 vivet,
495 1319 598 1360 liber
619 1320 718 1360 mihi
739 1335 820 1362 non
842 1321 920 1362 erit
940 1335 1134 1376 unquam.

35 1372 222 1418 Perdidit
240 1391 363 1426 arma,
386 1376 520 1418 locum
541 1377 702 1419 virtutis
722 1377 914 1428 deseruit,
938 1379 1010 1434 qui

35 1431 208 1488 Semper
227 1434 268 1475 in
290 1434 479 1490 augenda
502 1434 667 1476 festinat
687 1443 729 1476 et
749 1435 934 1477 obruitur
954 1451 1011 1477 re.

31 1488 227 1533 Vendere
248 1506 376 1547 quum
396 1491 524 1548 possis
545 1493 764 1548 captivum,
787 1493 973 1535 occidere
993 1493 1101 1534 noli:

36 1545 198 1594 ‚Serviet
219 1549 396 1591 utiliter:
429 1550 518 1592 sine
538 1558 677 1606 pascat
696 1550 821 1592 durus
842 1559 1040 1606 aretque;
1234 1555 1288 1593 70

35 1601 217 1663 Naviget
235 1621 283 1648 ac
302 1607 447 1649 mediis
467 1607 622 1648 hiemet
643 1618 842 1650 mercator
863 1609 904 1649 in
929 1608 1073 1659 undis3

35 1663 225 1706 Annonae
245 1664 396 1719 prosit3
428 1674 564 1721 portet
583 1665 788 1708 frumenta
809 1681 1036 1722 penusque.

35 1711 111 1762 Vir
131 1721 261 1763 bonus
281 1731 324 1764 et
343 1723 505 1779 sapiens
524 1722 692 1765 audebit
712 1724 847 1765 dicere
865 1740 873 1765 :
911 1724 1115 1775 Pentheu‚

36 1774 190 1831 Rector
212 1779 463 1829 Thebarum,
486 1780 585 1836 quid
606 1796 671 1822 me
692 1782 873 1837 perferre
894 1781 1063 1838 patique

34 1832 257 1893 Indignum
297 1852 420 1894 coges
440 1837 459 1879 ?
524 1838 714 1880 Adimam
752 1841 863 1881 bona.
941 1839 1106 1896 Nempe
1147 1853 1287 1896 pecus,

145 1909 245 1944 rem,
1237 1900 1290 1938 75

34 1943 197 2007 Lectos,
219 1962 435 2009 argentum
453 1969 461 1994 ε
494 1953 612 1995 tollas
631 1953 739 1996 licet.
798 1954 850 1995 In
870 1957 1037 1996 manicis
1056 1962 1093 1996 et

32 2007 293 2065 fflvmpedihus
311 2026 409 2051 saevo
429 2018 465 2051 te
483 2012 551 2052 sub
570 2013 723 2053 custode
743 2014 881 2054 tenebo.

35 2113 37 2115 ,
88 2081 131 2108 se
151 2067 264 2117 deus,
286 2068 532 2124 simulatque
554 2069 698 2120 volam,
723 2085 788 2111 me
808 2070 950 2112 solvet.
1013 2069 1188 2126 Opinor,

85 2139 133 2166 oc
151 2125 302 2168 sentit:
338 2125 522 2175 Moriar3
553 2141 660 2168 mors
681 2127 823 2169 ultima
842 2128 951 2170 linea
972 2143 1107 2170 rerum
1129 2138 1202 2170 est.

619 2419 695 2458 ΕΞ
