1390 2586
79 79 86 142 J
111 78 113 82 ’
126 108 152 134 ι.
167 97 235 142 la]
473 97 699 128 misnens
706 96 850 128 ΤΑΤιο.
1209 96 1295 138 223

73 236 77 238 ,
131 220 133 225 J
173 202 266 233 bones.
277 215 320 223 -—
331 197 446 232 ''Qaam
475 197 549 239 scit]
590 199 626 228 111
658 197 854 237 proverbium
883 197 1048 228 transierat
1077 196 1295 236 Aristophanis

73 250 80 254 “
105 260 119 274 υ
153 240 246 281 1431,
263 243 301 274 D.
341 243 385 284 Ep
387 239 438 272 ὃοι
452 252 504 278 τις
517 241 561 279 ἣν
575 238 714 278 ἕκαστος
729 237 825 279 εἰδείη
841 238 978 281 τέχνην.
1008 240 1294 277 Cic.'rusc.1‚17,

44 321 46 323 ,
148 289 227 319 enim
251 287 304 317 illo
321 287 479 326 proverbio
507 286 678 316 Graecorum
705 286 903 324 proecipitur:
938 285 1032 317 Quam
1058 286 1183 325 quisque
1212 286 1294 314 novit

169 331 227 362 leae
249 340 280 361 se
301 334 447 361 exerceat.
460 326 668 369 —[censebo]
691 328 817 358 Domini
838 334 884 358 est
905 328 1068 363 sententia,
1091 339 1160 367 quae
1183 328 1294 358 eadem

40 371 44 404 ’.
88 383 166 414 qves
183 373 242 404 erit
257 371 355 414 (unde
378 372 482 402 futuro
508 371 632 412 utitur),
655 371 705 402 cui
731 378 839 411 pareat
863 378 1003 411 uterque,
1019 371 1139 402 villicus
1163 377 1195 402 et
1215 372 1292 408 calo,

64 421 67 425 '
133 431 136 439 ⁴
181 422 238 448 est.
311 424 314 427 '

523 561 734 593 EPISTOLA
755 562 823 594 XV.

48 661 60 675 Δ
86 677 231 710 Ancum.
255 679 290 710 C.
312 677 488 708 Numonius
503 677 580 707 Vala
595 675 720 717 (Vellei.
737 678 767 713 2,
786 675 861 716 119)
878 677 1001 706 videtur
1015 676 1127 706 fundos
1151 675 1295 706 habuisse

157 722 277 752 Veliam
298 727 329 751 et
349 722 522 757 Salernum,
546 721 584 750 de
607 731 738 760 quorum
765 722 948 760 oppidorum
972 721 1048 750 coelo
1074 730 1108 750 ac
1132 720 1196 749 solo
1222 729 1296 749 eum

0 790 2 795 ,
56 764 63 798 ’ἴ
93 772 225 804 errogat,
248 775 345 805 quum
369 766 400 794 in
425 765 522 794 altero
544 770 613 794 utro
634 774 688 803 per
710 764 843 794 hiemem
860 773 891 793 A.
909 772 940 794 u.
957 772 984 794 c.
1000 763 1072 799 731,
1089 763 1162 799 732,
1182 763 1295 801 degere

0 828 3 849 J
75 830 79 833 -
97 809 150 839 let.
194 808 388 839 Constructio
410 808 475 838 haec
496 813 562 837 est:
586 809 594 823 ‘
609 808 666 837 Par
687 813 734 837 est
759 813 788 837 te
813 808 955 844 scribere,
978 817 1032 836 nos
1054 807 1110 836 tibi
1133 807 1295 837 accredere

84 873 94 882 .
114 851 182 892 25),
203 862 272 891 quae
294 852 334 882 sit
358 852 465 886 hiems,
490 851 588 890 qualis
603 851 653 880 via
668 850 732 890 (vv.
750 851 777 886 l,
792 849 838 889 2),
855 853 951 890 majnr
974 857 1079 880 utrum
1103 851 1298 890 populum——

39 898 55 914 ⁷
70 895 138 935 agis
152 905 241 935 aquae
254 894 316 934 (vv.
330 893 481 933 14—16),
492 894 724 924 uter—reverti’
738 893 799 934 (vv,
813 893 955 934 22-24)
968 906 975 930 ;
992 900 1093 924 cetera
1109 896 1168 933 (vv.
1181 893 1300 929 3—13,

65 948 215 978 unusque
232 937 382 976 17···2i,)
399 938 430 967 in
447 935 668 978 παρενῧὲσεσι
682 945 764 968 sunt.

30 970 46 1010 ,³
93 981 185 1013 l-—a
208 980 339 1022 [Vella]
368 982 476 1021 Hyele,
504 981 604 1017 Helia,
632 978 741 1017 Ἐλὲα,
770 981 914 1011 Lucaniae
942 980 1091 1020 oppidum
1117 990 1135 1010 a
1159 979 1297 1018 Phoeaeis

38 1025 206 1065 ‘snditum
223 1031 392 1064 notumque
406 1030 531 1064 propter
545 1025 742 1063 philosophos
755 1025 919 1061 Eleaticos,
935 1025 1026 1054 hodie
1042 1025 1151 1054 Alento
1161 1036 1172 1058 ,·
1196 1025 1298 1054 Saler-

46 1095 49 1102 ,,
68 1085 91 1095 »«
138 1068 170 1098 in
195 1078 269 1107 agro
288 1069 458 1107 Picentino,
481 1068 634 1107 hodieque
661 1066 1007 1107 Salvum—[Quorum
1031 1065 1195 1108 hominum]
1222 1069 1230 1083 ‘
1245 1065 1300 1106 qui

50 1118 59 1148 ζ
90 1121 150 1143 res
179 1111 242 1142 sint
267 1111 448 1149 incolarum,
478 1122 546 1150 quae
575 1112 645 1141 vitae
675 1112 752 1141 ratio
765 1111 1010 1141 ?’—Antonius
1042 1111 1133 1140 Musa
1161 1110 1299 1140 medicus

55 1188 58 1190 ,
81 1161 228 1194 aguntum
253 1155 415 1186 arthritide
444 1155 633 1185 laborantem
662 1164 750 1194 aquae
773 1154 894 1193 frigidae
916 1154 1144 1194 perfusionibus
1172 1160 1203 1184 et
1228 1163 1298 1193 gar-

45 1200 51 1236 ,'
74 1235 75 1238 Ἰ
106 1199 114 1206 ’
132 1198 190 1228 mis
205 1204 374 1235 curaverat,
396 1197 479 1228 unde
494 1199 561 1228 haee
576 1199 721 1228 medendi
737 1198 786 1228 via
800 1208 872 1228 mox
888 1208 1034 1236 magnum
1051 1199 1194 1237 plausum
1210 1203 1301 1227 nacta

32 1253 33 1257 ¹
50 1254 53 1255 ’
83 1259 87 1267 =
113 1239 533 1282 ——[supervaeuas-sacit]
559 1242 652 1271 ‘dicit
667 1242 786 1271 nullum
806 1241 880 1271 inde
901 1242 1096 1271 commodum
1116 1242 1156 1271 ad
1181 1251 1230 1271 me
1251 1250 1301 1270 re-

44 1294 50 1314 .·
61 1294 85 1311 vt·
104 1285 273 1322 daturum,
288 1285 383 1315 immo
405 1287 520 1315 malum
536 1292 661 1315 auctum
676 1285 735 1315 iri!
747 1301 790 1306 —
803 1282 850 1325 [et
865 1283 979 1325 tamen]
1006 1287 1013 1301 ‘
1027 1286 1067 1314 Et
1082 1290 1184 1315 tamen
1201 1294 1299 1323 quum

50 1329 54 1362 J
89 1337 152 1359 une
173 1328 276 1368 potius
298 1329 388 1359 irasci
411 1329 559 1359 deberent
579 1328 701 1368 pristini
722 1328 783 1358 mei
804 1329 938 1368 hospites
957 1329 1077 1365 Baiani,
1102 1338 1119 1358 a
1144 1338 1193 1358 me
1217 1337 1300 1357 nunc

51 1370 199 1411 -glicti,
222 1371 371 1402 innocens
394 1382 453 1411 ego
476 1372 514 1402 iis
536 1372 654 1402 invisus
676 1372 727 1408 fio,
753 1372 779 1402 si
802 1382 858 1412 pro
883 1372 1006 1402 illorum
1030 1372 1158 1402 thermis
1182 1371 1300 1401 balneis

43 1414 67 1446 ’ῖῑ
98 1415 170 1445 ‘dis
184 1416 273 1446 utor.’

94 1458 188 1490 5-9.
211 1456 325 1499 [Sane]
349 1459 487 1498 ‘Utique
502 1468 563 1488 non
579 1458 646 1488 sine
663 1455 798 1495 ratione,
824 1464 859 1488 ut
882 1458 1012 1497 quisque
1035 1458 1122 1488 facile
1146 1457 1301 1496 intelligit,

48 1505 78 1544 5¹,
99 1511 153 1532 um
182 1501 259 1532 illud
289 1502 438 1543 oppidum
464 1502 671 1541 voluptarium
695 1502 810 1541 negligi
838 1512 919 1532 nunc
945 1502 1084 1541 queritur
1109 1512 1204 1541 aquas
1229 1511 1301 1532 suas

48 1544 68 1578 J-
88 1544 306 1576 tebmtissimas
321 1552 492 1586 propterea,
514 1546 597 1584 quod
613 1545 736 1575 sulfuris
752 1546 780 1575 vi
804 1545 942 1575 benefica
965 1546 1058 1575 etiam
1079 1546 1186 1584 longos
1208 1551 1302 1584 atque

107 1593 238 1619 eteratos
253 1591 374 1619 morbos
389 1590 543 1628 expellere
559 1599 575 1618 e
590 1599 716 1628 corpore
732 1589 896 1619 dicuntur)
907 1605 949 1610 —
961 1587 1123 1628 [murteta]
1149 1589 1256 1618 Celsus
1271 1588 1302 1624 3,

23 1643 30 1673 j
46 1653 65 1669 ,-
78 1629 107 1666 l,
121 1631 173 1668 35,
199 1633 325 1663 maxime
345 1634 433 1663 utiles
455 1633 609 1663 naturales
633 1637 663 1663 et
684 1634 770 1662 ,1ἰοοω
792 1634 964 1663 sudationes
988 1638 1067 1667 sunt,
1090 1633 1192 1672 quales
1216 1642 1305 1671 super

124 1690 129 1699 s
166 1676 199 1705 in
213 1677 352 1716 myrtetis
371 1678 522 1706 habemus.
569 1676 626 1706 Hae
651 1677 827 1706 sudationes
852 1686 935 1706 nunc
959 1677 1153 1715 appellantur
1177 1677 1203 1706 le
1226 1674 1304 1715 stufe

113 1717 235 1749 Trieoti.
246 1717 444 1759 —[etidere]
478 1720 585 1749 Celsus
610 1719 716 1757 2,15,
748 1720 883 1750 Gestatio
906 1720 991 1749 utilis
1016 1721 1064 1755 iis,
1089 1721 1195 1759 quibus
1217 1720 1304 1750 lentae

93 1776 105 1781 ·’
118 1761 220 1792 boram
234 1763 368 1803 reliquia
383 1767 536 1793 remanent
549 1773 642 1802 neque
657 1764 747 1793 aliter
769 1763 971 1794 eliduntur.
1008 1764 1148 1793 Clusium
1168 1760 1305 1800 (Clausi)

79 1814 101 1829 ⁴·
137 1804 190 1835 τίω
201 1805 362 1845 oppidum,
378 1812 486 1836 notum
502 1812 626 1845 propter
640 1806 827 1836 Porsennam
842 1816 956 1845 regem,
976 1807 1068 1836 Gabii
1087 1808 1167 1845 Epp.
1178 1806 1206 1842 l,
1221 1805 1305 1841 ll,8.

75 1868 83 1889 Ι-
99 1846 236 1879 -10-13.
261 1846 461 1889 [Mutandus]
488 1851 496 1865 ‘
508 1850 632 1886 Verum,
649 1849 706 1879 etsi
722 1850 930 1880 lamentantur
954 1850 1073 1885 Baiani,
1088 1851 1183 1879 alium
1204 1850 1305 1879 locum

62 1893 99 1936 ζ’
120 1898 206 1922 rem
232 1902 369 1931 quaerere
393 1893 470 1922 mihi
497 1899 615 1922 certum
642 1893 916 1930 est.’—Construe‚
939 1904 1031 1933 equus
1059 1893 1307 1933 praeteragendus

69 1937 73 1942 “
104 1952 124 1958 ν·
145 1936 226 1966 mia
240 1940 320 1972 nota,
336 1946 406 1975 quae
421 1942 494 1966 sunt
509 1936 540 1965 in
557 1936 608 1966 via
625 1937 726 1966 Roma
743 1937 834 1966 Baias
849 1937 990 1967 ducente.
1006 1953 1048 1958 --
1064 1935 1156 1977 [lama
1171 1933 1304 1975 habena]

100 1992 133 2005 ,”
170 1977 237 2008 sine
265 1979 432 2014 stomacho,
463 1980 596 2009 adducta
624 1980 747 2010 habena
775 1980 994 2017 sinistrorsum,
1025 1990 1140 2018 equum
1170 1980 1307 2018 flectens,

64 2019 70 2062 ἶ
85 2020 152 2051 mul
173 2022 254 2052 addo
277 2025 370 2052 verba
392 2023 624 2057 Non-Baias,·
649 2024 712 2060 sed,
736 2029 772 2053 ut
796 2023 864 2059 scis,
890 2033 960 2054 cum
987 2025 1084 2053 brutis
1111 2025 1203 2053 verba
1227 2022 1306 2052 nihil

47 2066 87 2106 '1-
132 2069 184 2100 nt·
217 2066 302 2096 auris
329 2066 400 2104 equi
423 2072 469 2096 est
494 2066 526 2095 in
551 2076 603 2096 ore
625 2066 754 2102 frenato,
780 2067 812 2096 id
836 2073 892 2103 est,
919 2077 1014 2106 equos
1041 2067 1126 2096 freno
1154 2065 1304 2096 moderari

74 2147 77 2150 4
108 2122 112 2130 ·
155 2108 216 2138 tsi
229 2109 369 2138 volumus
385 2119 436 2139 eos
453 2109 540 2138 nobis
555 2109 691 2146 obedire,
706 2110 849 2150 viamque
865 2111 952 2140 nobis
974 2110 1139 2149 placitam
1132 2110 1230 2140 inire!

82 2149 239 2197 315-25.
264 2150 594 2193 [Collatus—imbres]
627 2153 724 2183 ‘Volo
749 2163 863 2193 aquam
885 2154 1054 2190 fontanam,
1081 2163 1142 2183 non
1169 2153 1305 2192 pluviam

84 2213 86 2216 -
116 2193 257 2224 eisternis
279 2196 447 2232 collectam,
463 2201 494 2225 et
509 2197 634 2234 quidem
658 2202 767 2236 puteos
788 2207 949 2236 perennes,
974 2197 1027 2235 qui
1051 2207 1171 2236 semper
1192 2207 1305 2235 aquam

71 2241 74 2245 '
91 2237 238 2268 ‘mne
250 2255 294 2260 --
306 2236 401 2279 [nihil
413 2237 557 2279 moror]‘
569 2239 648 2269 Vina
662 2240 745 2270 illius
759 2242 874 2270 tractus
891 2250 986 2279 quum
1006 2250 1160 2280 asperner,
1176 2241 1254 2270 nihil
1269 2240 1308 2269 de

64 2318 67 2322 ,
83 2318 86 2320 v
118 2284 151 2310 te
173 2287 351 2320 percontor3
377 2292 449 2312 nam
473 2283 662 2321 propositum
683 2283 762 2313 mihi
777 2290 832 2320 est,
848 2283 915 2314 aliis
930 2294 1022 2323 quam
1038 2284 1153 2324 asperis
1167 2284 1228 2314 illis
1251 2293 1308 2313 nec

93 2327 95 2329 '
122 2337 145 2347 ”
180 2325 338 2364 generosis
367 2325 423 2356 uti.
468 2327 570 2365 Atque
597 2326 628 2356 in
656 2327 769 2357 Sabino
798 2327 926 2366 quidem
954 2337 1024 2358 meo
1050 2328 1178 2368 quidvis,
1208 2327 1308 2358 omnis
