1390 2586
14 54 18 56 ,
48 0 117 57 ’ff‘

24 136 28 138 .
42 119 110 158 g,
122 122 147 146 ι,
161 110 210 155 2]
475 108 848 141 INTERPRETATIO.
1202 104 1284 147 193

44 217 160 255 baum
172 211 353 251 videbatui-,³
368 211 476 242 &c.—-
487 208 648 252 [cessatum
661 211 769 241 ducere
783 206 901 248 curam]
926 208 964 238 In
979 208 1069 248 prosa
1083 217 1127 238 or.
1140 207 1149 223 ‘
1159 206 1284 236 citharae

45 263 137 291 cantu
151 258 279 294 efficere,
301 262 336 286 ut
355 261 453 286 cesset
474 254 574 284 omnis
597 263 678 291 cura,
703 263 826 283 omnem
849 262 955 283 curam
975 252 1108 290 abigere,
1128 249 1284 290 κοιμίζειν

46 299 109 340 τὰς
134 297 330 344 φροντίδας)
372 299 444 329 Jam
473 307 528 338 per
556 294 834 338 προσωποποιΐαν
863 297 946 326 Cura
974 293 1049 336 (Od.
1076 295 1106 331 2,
1138 293 1188 330 16,
1216 291 1284 332 11),

46 343 235 386 symphoniis
247 346 401 378 cessatum,
416 342 455 372 ad
470 341 650 371 cessandum
666 340 866 379 aliquamdiu,
879 339 1010 370 ducitur.

79 387 141 420 31.
162 385 226 428 [vt
228 383 390 428 jugulent]
413 387 421 401 ‘
434 385 582 415 Latrones
598 383 736 423 rapiendi
759 383 926 423 cupiditate
945 388 1104 421 tantopere
1127 379 1284 410 concitan-

47 437 109 468 tur.
123 436 159 463 ut
169 439 275 462 somno
290 428 464 469 posthabito
478 428 516 458 de
537 433 625 457 nocte
640 432 768 465 surgant
783 433 813 456 et
828 427 868 456 ad
882 425 1047 456 homicidia
1062 423 1213 463 patranda
1226 423 1286 452 iter

47 473 188 516 capiantg
209 479 243 504 tu
257 478 363 503 contra
377 477 501 511 propter
515 470 608 500 animi
630 476 783 509 torporem
799 479 909 505 cessas,
932 469 985 499 ubi
1001 469 1082 498 salus
1097 474 1150 497 tua
1166 463 1286 506 (εὐδαι-

46 516 147 560 μονία
174 515 441 556 philosophorum)
472 514 573 552 agitur
583 514 606 543 'l’
617 530 661 535 —
673 512 726 554 [de
754 511 853 553 nocte]
885 523 930 551 pr.
956 515 964 529 ⁴
975 521 1072 552 quum
1101 520 1163 540 nox
1192 509 1287 540 etiam

47 569 130 598 nunc
143 565 198 597 est,
220 565 291 590 ante
309 557 521 598 gallicinium!
561 558 683 587 Terent⁴
699 557 759 587 Ad.
774 557 804 593 5,
821 557 851 593 3,
866 557 917 593 55,
932 557 996 586 Rus
1011 565 1078 586 cras
1090 565 1155 585 cum
1163 555 1229 593 filio
1241 553 1290 584 ibo

28 623 30 629 ι
43 613 140 646 m
152 604 221 634 luci·
266 602 310 632 M.
331 603 424 632 Immo
438 603 475 632 de
490 605 572 631 nocte
585 611 695 631 censeo.

86 646 223 679 33-38.
248 644 297 687 [Si
312 643 408 684 noles]
433 646 442 660 ‘
455 644 549 682 Atqui
565 644 679 683 optime
695 648 760 672 tute
776 643 846 676 scis,
863 643 887 672 si
903 642 1038 681 corporis
1053 640 1288 670 exercitationes

49 694 131 724 nune
145 690 236 720 nimis
251 688 433 727 neglexeris,
459 687 627 727 periculum
643 686 698 716 tibi
715 687 839 722 instare,
861 696 900 715 ne
915 685 1080 724 aliquando
1096 685 1177 723 aqua
1192 684 1288 713 inter-

48 738 119 765 mte
132 734 262 771 labores,
282 733 425 771 quocirca
439 731 581 770 prudenti
600 730 727 760 consilio
743 740 816 759 usus
833 739 992 768 nunquam
1007 729 1075 758 illas
1089 726 1290 759 intermittis:

47 785 156 808 verum
170 776 311 806 similiter
325 784 447 814 prorsus
462 774 496 804 fit
510 773 543 804 in
559 773 710 803 moribus:
738 773 798 803 nisi
818 773 941 812 optimis
962 773 1133 811 quibusque
1153 771 1290 810 philoso-
1319 794 1323 797 .

49 819 131 860 phiae
154 819 328 850 auctoribus
350 828 430 857 saepe
453 817 499 847 vel
522 823 592 847 ante
616 815 710 853 diem,
736 826 832 855 quum
855 826 943 846 mens
968 822 1014 846 est
1038 825 1131 854 quam
1155 813 1291 844 maxime

50 868 170 902 vegeta,
183 867 298 892 attente
314 862 410 897 lectis,
433 870 538 891 aurem
551 861 618 898 jam
639 870 721 890 nunc
736 860 886 899 praebebis
900 869 979 889 verae
994 858 1140 888 doctrinae
1155 863 1186 887 et
1202 858 1292 887 rebus

50 906 187 937 honestis
201 915 324 946 operam
340 905 436 940 dabis,
457 903 636 939 socordiam,
656 910 781 943 propter
798 913 890 942 quam
914 909 943 932 te
966 902 1128 932 emendare
1150 900 1293 939 negligis,

50 949 157 980 multis
170 956 202 980 et
215 948 334 987 magnis
348 947 442 978 animi
457 947 602 977 aerumnis
617 947 784 985 aliquando
799 946 884 976 lues.'
894 962 937 968 —
950 943 1084 985 [curres]
1109 943 1119 960 ‘
1129 945 1161 974 Si
1175 943 1294 974 sudoris

51 993 215 1032 impatiens
238 992 322 1022 noles
343 1001 435 1021 sanus
460 1000 550 1020 cursu
573 990 729 1020 interdum
754 990 834 1020 vires
859 995 927 1019 tuas
952 998 1106 1024 exercere,
1130 988 1184 1018 sed
1209 986 1294 1017 domi

51 1035 168 1068 otiosus
181 1035 268 1066 sedes
281 1040 313 1065 et
326 1034 478 1074 graecaris,
497 1034 683 1074 hydropicus
698 1033 864 1072 aliquando
883 1038 1007 1072 propter
1022 1031 1171 1062 desidiam
1186 1030 1294 1066 factus,

53 1087 74 1111 ι
93 1079 212 1109 medico
228 1080 332 1118 jussus
356 1087 468 1112 curres,
493 1087 589 1116 quum
611 1076 666 1106 tibi
690 1077 780 1115 longe
800 1076 959 1106 molestius
975 1075 1052 1105 erit.²
1099 1075 1179 1104 Cels.
1195 1074 1225 1110 3,
1240 1073 1293 1109 21,

52 1120 238 1164 findi-opicis
260 1122 384 1152 multum
408 1122 626 1155 ambulandum,
649 1121 826 1150 currendum
849 1120 1011 1159 aliquando
1033 1123 1139 1149 est.—-
1152 1115 1294 1158 [studiis]

53 1164 172 1202 Studia,
192 1163 322 1206 θεωρία,
342 1175 399 1202 res,
424 1161 740 1204 actiones—[vigil]
767 1165 774 1179 ¹
789 1164 821 1193 Si
843 1173 902 1192 non
926 1168 1050 1202 propter
1070 1161 1297 1200 philosophiam

53 1208 237 1249 vigilaveris,
265 1213 389 1248 propter
412 1207 559 1237 invidiam
588 1213 619 1236 et
648 1217 783 1236 amorem
810 1206 943 1236 dormire
973 1215 1034 1235 non
1060 1204 1194 1244 poteris!
1242 1204 1299 1233 Est

53 1251 150 1293 ‘gitur
186 1254 196 1269 ‘
207 1251 376 1282 insomnis:
388 1266 430 1273 —
443 1248 520 1291 [Est
557 1247 703 1289 animum]
743 1250 832 1285 ‘edit,
871 1249 1043 1279 consumit!
1090 1249 1127 1278 Il.
1160 1249 1194 1278 Z.
1225 1247 1298 1284 201,

54 1291 471 1336 Βελλεροφόντης-ἀλᾶτο
484 1291 550 1323 “ov
563 1291 673 1333 θυμὸν
688 1290 842 1328 κατέδων,
865 1293 949 1331 quod
965 1292 1028 1322 Cic.
1046 1292 1135 1321 Tusc.
1152 1291 1182 1327 3,
1198 1290 1250 1327 26,
1267 1290 1298 1320 in

57 1338 202 1374 Latinum
218 1338 386 1368 convertit:
411 1337 481 1377 Ipse
499 1347 583 1367 suum
603 1347 654 1367 cor
668 1337 765 1367 edens.
778 1353 820 1358 —
833 1334 882 1376 [in
904 1333 1031 1375 annum]
1055 1341 1089 1364 ut
1105 1336 1183 1374 Epp.
1202 1334 1229 1370 1,
1248 1333 1297 1370 11,

52 1381 108 1418 28,
123 1393 180 1412 neu
194 1382 294 1412 dulcia
309 1380 399 1420 differ,
411 1382 442 1410 in
457 1390 574 1410 annum.
755 1382 760 1389 '

98 1425 234 1456 39-41.
258 1421 457 1465 [Dimidium]
480 1423 575 1453 Vetus
589 1422 794 1462 proverbium,
809 1419 917 1461 Ἀρχὴ
933 1418 965 1451 δέ
980 1431 1031 1451 τοι
1045 1418 1148 1462 ἥμισυ
1163 1417 1302 1456 παντός,

57 1469 142 1510 quod
166 1468 363 1502 lamblichus,
389 1477 420 1497 n.
448 1466 518 1503 162,
539 1467 578 1496 ad
604 1466 812 1505 Pythagoram
837 1465 938 1495 refert.
984 1465 1124 1503 Sophocl.
1153 1464 1202 1493 Fr.
1229 1462 1303 1499 715,

58 1510 164 1548 Diod„
183 1507 308 1551 Ἔργον
323 1507 356 1541 δὲ
377 1509 509 1545 παντὸς
527 1507 571 1548 ἢν
590 1519 640 1545 τις
663 1509 809 1550 ἄρχηται
831 1507 952 1545 καλῶς,
975 1507 1041 1538 Καὶ
1065 1506 1125 1543 τὰς
1147 1505 1305 1542 τελευτὰς

58 1551 143 1592 Διός
165 1552 234 1585 ios·
249 1551 354 1591 οὕτως
374 1551 658 1594 {xum—[sapere
683 1550 776 1592 aude]
801 1557 835 1581 ut
858 1550 999 1592 τολμᾷν,
1023 1552 1171 1586 ‘sustine,
1197 1551 1250 1579 abs
1273 1556 1303 1579 te

58 1598 209 1638 inpetro)
255 1598 338 1635 Virg.
354 1598 426 1628 AEu.
442 1597 472 1632 8,
487 1595 559 1633 364,
575 1597 673 1632 Ande,
695 1597 807 1635 hospes,
831 1599 1014 1625 contemnere
1033 1604 1108 1633 opes.
1118 1609 1162 1616 -
1172 1590 1302 1633 [incipe]

59 1651 141 1682 ape
161 1641 200 1672 de
219 1641 346 1671 consilio
366 1640 484 1670 audaci.
516 1639 644 1669 Ruhnk.
662 1639 702 1669 ad
719 1639 788 1669 Ter.
805 1637 903 1668 Andr.
923 1638 949 1674 l,
967 1638 996 1673 3,
1015 1634 1303 1677 13.—[Rusticus]

62 1686 74 1702 ⁸
84 1684 172 1716 Facit
186 1689 222 1715 ut
234 1684 365 1714 rusticus
380 1683 432 1713 ille
446 1682 478 1712 in
493 1682 613 1719 sabella,
625 1689 710 1722 puto,
725 1682 862 1719 AEsopffi,
876 1681 928 1720 qui
945 1691 1040 1720 quum
1056 1680 1171 1710 otiosus
1185 1681 1307 1710 sederet

60 1727 95 1759 in
117 1728 186 1768 ripa
200 1727 346 1763 fluminis,
367 1727 572 1764 interrogatus
587 1736 606 1756 a
619 1726 755 1756 viatore:
789 1725 872 1758 Quid
891 1725 944 1754 tibi
969 1725 1018 1754 bic
1033 1724 1102 1754 vis?
1140 1724 1306 1763 Exspecto,

66 1808 70 1809 ⁷
152 1771 228 1808 adit,
243 1771 340 1801 donec
355 1770 469 1800 defluat
483 1770 592 1805 amnis,
604 1774 638 1798 ut
653 1770 798 1799 siccatum
814 1767 987 1798 transeam!

70 1840 73 1842 .
105 1814 158 1850 43,
171 1815 222 1845 44.
245 1811 434 1855 [Quaeritur]
459 1815 467 1829 ⁸
478 1813 573 1842 Recte
587 1813 706 1842 vivendi
719 1818 821 1841 autem
835 1818 955 1850 tempus
968 1811 1108 1840 differtur
1123 1820 1140 1839 a
1151 1810 1306 1849 plerisque

52 1858 103 1898 *ob
130 1857 262 1888 nimium
291 1857 428 1887 studium
455 1865 520 1885 rem
549 1855 699 1890 faciendi;
729 1856 815 1894 cujus
841 1854 994 1894 cupidinis
1022 1854 1194 1884 molestiam
1220 1853 1309 1883 facile

55 1900 180 1932 devitat
194 1901 231 1937 is,
250 1900 303 1940 qui
318 1901 375 1930 sua
394 1905 474 1929 sorte
489 1904 658 1935 contentus,
674 1899 751 1928 nihil
770 1899 897 1937 amplius
919 1902 1011 1937 optat.
1058 1897 1089 1927 Is
1104 1898 1239 1931 demum,
1255 1895 1309 1935 qui

64 1939 127 1978 hue
141 1945 291 1983 pervenit,
313 1943 450 1972 animum
471 1952 561 1971 suum
581 1943 719 1972 excolere
743 1947 774 1972 et
793 1943 832 1971 ab
855 1941 950 1970 animi
973 1940 1254 1977 perturbationibus
1277 1949 1311 1969 se

52 1985 195 2029 Jiberare
218 1983 606 2026 poterit.’-[argentum]
623 1986 762 2024 pecunia,
788 1991 822 2014 ut
843 1985 905 2014 Sat.
921 1985 951 2021 2,
967 1984 996 2019 6,
1014 1983 1063 2018 10,
1087 1994 1176 2023 quum
1200 1987 1234 2013 tu
1256 1993 1309 2012 ar·

54 2035 153 2076 ,puto
165 2035 233 2070 post
246 2031 344 2060 omnia
356 2039 458 2068 ponas.
469 2044 511 2050 -
523 2026 643 2068 [pueris
653 2045 693 2050 ·-
702 2026 856 2068 creandis]
883 2028 1027 2057 Formula
1041 2027 1131 2056 solita
1146 2027 1177 2056 in
1198 2026 1311 2055 tabulis

48 2071 52 2074 ⁷
133 2073 266 2104 cialibus.
310 2071 408 2102 Tacit.
425 2072 508 2102 Ann.
524 2071 573 2107 ll,
594 2071 644 2109 27,
666 2071 791 2111 (Silium
816 2078 846 2101 et
862 2069 1076 2108 Messalinam)
1092 2071 1238 2099 adhibitis
1260 2070 1313 2109 qui

122 2118 132 2126 ⁴
193 2121 269 2152 rent,
296 2116 376 2146 velut
403 2116 655 2154 suscipiendorum
681 2116 839 2145 liberorum
863 2116 955 2144 causei
979 2114 1154 2143 convenisse.
1197 2112 1313 2142 Similis

52 2159 69 2170 '¹
89 2158 95 2167 ²
149 2159 388 2190 Atheniensium
410 2158 541 2187 formula
560 2158 642 2197 apud
659 2158 865 2188 Menandrum
884 2158 934 2187 Fr.
950 2157 1010 2186 inc.
1028 2157 1098 2191 185,
1113 2154 1168 2186 ἐπὶ
1184 2153 1314 2186 παίδων

54 2223 55 2226 =
88 2239 90 2241 ,
159 2213 186 2244 ῳ
201 2204 270 2234 τῶν
285 2201 435 2243 γνησίων
450 2198 572 2241 Δίδωμί
591 2199 643 2231 σοί
658 2211 693 2241 γε
710 2200 775 2238 τὴν
790 2199 931 2241 ἐμαυτοῦ
946 2197 1125 2240 θυγατέρα.
1137 2215 1179 2221 -
1193 2197 1312 2239 [beata]

67 2251 69 2253 ’
91 2251 94 2254 ’
133 2246 257 2277 111ειιω.’
270 2242 475 2286 -[incultae]
499 2245 586 2282 ‘quae
607 2245 727 2273 nullum
750 2251 933 2283 proventum
955 2244 1100 2281 afferunt,
1121 2249 1202 2272 certe
1223 2243 1315 2281 longe

111 2328 119 2329 ἶ
193 2299 224 2320 m
253 2299 346 2328 quam
370 2288 462 2318 arva!
478 2302 520 2309 —
535 2285 720 2327 [pacantur]
750 2287 1019 2319 Quemadmodum
1047 2286 1179 2316 Romani
1203 2291 1317 2326 pacata

62 2360 65 2361 ⁷
110 2335 116 2339 ⁴
179 2339 215 2364 nt
226 2342 324 2372 regna
337 2332 417 2362 bello
429 2330 545 2361 domita
561 2336 591 2360 et
605 2330 638 2360 in
651 2330 876 2370 provinciarum
890 2330 1019 2360 formam
1031 2330 1163 2366 redacta,
1174 2330 1218 2361 sic
1232 2330 1315 2360 silvae

58 2376 118 2422 ma<
1073 2373 1102 2403 K
