1390 2586
323 354 625 397 EPISTOLA
655 353 741 395 AD
774 353 1042 396 PISONES.

103 605 240 637 Ancum.
266 607 311 636 De
328 606 490 637 Pisonibus
511 606 577 636 haec
597 606 690 636 tradit
705 605 875 645 Porphyrio
897 611 929 635 et
944 605 1062 635 Comm.
1079 606 1171 645 Cruq.
1189 615 1218 645 p.
1233 605 1306 642 695,

37 681 39 683 ,
59 651 68 667 ⁸
81 649 173 680 Hunc
186 650 309 685 librum,
325 649 379 689 qui
395 650 572 679 inscribitur
587 649 624 678 de
639 651 712 679 Arte
726 649 848 679 Poeticii
863 650 902 679 ad
917 649 949 679 L.
967 649 1118 683 Pisonem,
1135 649 1187 687 qui
1203 656 1310 688 postea

59 693 144 724 urbis
159 699 259 723 custos
278 692 346 730 fuit,
369 694 496 732 ejusque
520 693 630 722 liberos
653 692 744 722 misit.
792 693 871 722 Nam
887 699 917 722 et
933 693 997 731 ipse
1015 692 1084 722 Piso
1098 699 1190 731 poeta
1204 692 1261 722 suit
1277 698 1310 722 et

59 736 232 766 studiorum
249 736 420 766 liberalium
437 735 584 766 antistes-²
619 736 696 768 Quae
711 737 749 765 de
764 736 821 765 hoc
837 737 902 765 viro
917 736 1039 772 scimus,
1056 736 1121 765 haec
1136 736 1199 765 fere
1215 742 1305 765 sunt:

35 800 38 803 v
61 779 162 811 Tacit.
179 781 258 809 Ann.
275 780 305 815 6,
324 779 372 816 10,
389 787 420 810 Α.
433 788 463 809 υ.
477 788 503 809 c.
519 779 590 814 785.
616 780 652 809 L.
669 780 741 809 Piso
761 777 904 818 pontifex,
929 790 1031 809 rarum
1054 781 1085 809 in
1105 781 1192 810 tantd
1209 780 1308 809 -clari-

35 851 38 859 ,
59 823 175 860 tudine,
191 820 263 862 sato
289 824 371 859 obiit,
397 824 510 853 nullius
531 824 648 852 servilis
671 825 826 853 sententiae
852 827 954 861 sponte
979 827 1083 852 auctor
1108 827 1147 858 et,
1175 824 1310 862 quotiens

59 867 222 897 necessitas
247 868 411 906 ingrueret,
435 867 587 905 sapienter
611 867 776 896 moderans.
822 866 943 896 Patrem
969 867 998 896 ei
1026 868 1188 896 censorium
1208 864 1310 905 fuisse

32 931 39 946 ψ,
60 911 228 940 memoravi.
273 908 362 948 (Ubi,
382 907 585 948 ignoramus.)
623 910 715 939 AEtas
737 910 779 939 ad
798 911 1004 949 octogesimum
1025 919 1134 939 annum
1155 911 1310 948 processit,

60 953 152 983 decus
167 953 346 991 triumphale
361 954 392 982 in
411 953 541 983 Thracia
555 957 713 982 meruerat.
751 953 812 982 Sed
828 954 982 991 proecipua
1003 963 1039 982 e-z·
1062 963 1094 982 eo
1113 953 1213 992 gloria
1232 954 1312 992 quod

58 993 220 1035 praesetctus
231 997 300 1026 urbi
314 1006 415 1026 recens
425 997 594 1026 continuam
605 1000 780 1034 potestatem
792 1000 822 1026 et
833 997 992 1026 insolentia
1002 997 1131 1034 parendi
1142 998 1311 1035 graviorem

61 1040 136 1070 mire
151 1041 334 1078 temperavit.
358 1039 485 1078 Propter
501 1039 558 1068 hac
573 1038 760 1078 praefecturae
778 1039 860 1068 urbis
875 1039 1172 1068 administrationem
1189 1039 1310 1078 magni-

62 1081 135 1112 ficas
150 1083 256 1113 laudes
271 1082 299 1112 ei
315 1082 422 1112 tribuit
438 1082 574 1112 Velleius
587 1083 617 1118 2,
633 1082 684 1113 98.
709 1083 823 1112 Consul
839 1089 941 1112 autem
957 1082 1016 1111 fuit
1031 1083 1175 1112 suffectus
1193 1090 1224 1113 Α.
1237 1091 1268 1112 υ.
1281 1091 1310 1113 c.

62 1124 136 1162 739.
182 1126 253 1156 Post
274 1125 467 1158 consulatum
490 1126 623 1155 obtinuit
649 1125 862 1165 Pamphyliam
884 1125 1082 1165 provinciam,
1109 1127 1191 1155 unde
1214 1136 1309 1165 quum

34 1187 35 1190 =
63 1176 140 1199 Δ.υ.
154 1176 184 1198 c.
202 1168 275 1204 743,
291 1175 397 1198 contra
415 1169 524 1199 Bessos
546 1175 577 1198 et
600 1168 727 1198 Sialetas
752 1169 866 1198 bellum
887 1179 993 1206 gerere
1011 1170 1116 1208 jussus
1140 1177 1230 1205 esset,
1255 1170 1311 1199 hos

62 1217 132 1252 post
145 1213 229 1242 varia
244 1212 351 1251 proelia
367 1212 550 1247 debellavit;
574 1218 698 1251 propter
714 1222 790 1250 quas
806 1222 853 1242 res
868 1212 996 1242 feliciter
1019 1219 1119 1250 gestas
1140 1213 1167 1242 ei
1191 1213 1309 1251 suppli-

63 1254 144 1285 catio
159 1261 190 1284 et
210 1256 341 1285 honores
362 1255 563 1303 triumphales
586 1255 699 1285 decreti
725 1261 805 1285 sunt.
832 1255 889 1285 Dio
904 1257 955 1292 54,
972 1255 1022 1286 30.
1048 1257 1127 1286 Flor.
1144 1256 1174 1291 4,
1194 1256 1242 1293 12,
1261 1256 1310 1286 16.

63 1298 136 1328 Jam
159 1308 255 1337 quum
277 1299 382 1328 Artem
408 1289 561 1328 Poeticam
577 1308 632 1328 nos
654 1309 777 1337 quoque
798 1299 941 1328 ultimum
968 1300 1016 1328 vel
1042 1305 1122 1328 certe
1150 1309 1244 1328 unum
1270 1309 1309 1329 ex

63 1341 181 1372 ultimis
199 1341 437 1372 Horatianorum
462 1352 589 1381 operum
610 1351 676 1371 esse
694 1341 869 1380 judicemus
891 1348 983 1380 atque
998 1342 1079 1372 intra
1093 1352 1190 1372 annos
1206 1342 1306 1378 743-

64 1383 128 1420 746
142 1385 341 1424 compositam
357 1385 551 1418 arbitremur,
562 1385 660 1414 aetatis
672 1391 702 1414 et
717 1385 811 1424 patris
823 1390 853 1414 et
865 1385 997 1414 filiorum
1011 1385 1159 1415 rationem
1173 1386 1313 1416 ineamus

65 1437 188 1458 necesse
215 1435 270 1458 est.
315 1428 431 1458 Natum
455 1429 550 1467 igitur
567 1428 601 1457 L.
619 1429 760 1458 Pisonem
784 1438 822 1457 ex
840 1429 945 1458 Tacito
968 1429 1080 1459 scimus
1103 1437 1217 1459 A.u.c.
1238 1429 1313 1468 705,

65 1471 221 1502 consulem
250 1480 279 1502 Α.
295 1480 363 1501 uc.
392 1471 465 1508 739,
489 1481 586 1501 annos
610 1478 716 1501 natum
742 1480 858 1508 xxxw,
883 1472 965 1501 intra
992 1480 1106 1502 A.u.c.
1129 1471 1309 1508 743—746.

65 1524 163 1544 annos
189 1522 440 1545 xxxvm—xm.
487 1515 606 1548 Quodsi
631 1515 801 1544 vicenarius
831 1525 957 1544 uxorem
982 1515 1071 1544 duxit
1097 1524 1127 1545 A.
1141 1524 1171 1544 υ.
1184 1524 1211 1545 c.
1239 1516 1312 1552 725,

65 1559 223 1596 majorque
238 1558 370 1588 filiorum
387 1564 477 1587 natus
493 1565 539 1588 est
553 1558 704 1596 sequenti,
720 1558 828 1588 iisdem
846 1558 906 1588 illis
918 1558 1014 1588 tribus
1028 1558 1117 1588 annis
1133 1559 1311 1589 adolescen-

65 1601 150 1631 tulus
165 1607 230 1631 erat
245 1609 417 1631 xx'li—-xx,
433 1611 596 1637 annorum,
619 1603 682 1640 qua
697 1607 786 1631 aetate
807 1611 860 1631 cur
875 1602 914 1632 ad
934 1602 1052 1641 poetica
1074 1603 1175 1632 studia
1189 1602 1310 1633 incum-

65 1644 139 1674 bere
154 1654 215 1674 non
230 1645 376 1683 potuerit,
391 1654 586 1683 nequaquam
602 1645 700 1674 video.

111 1687 248 1726 Dignum
264 1693 311 1718 est
325 1693 495 1718 memoratu
510 1688 597 1725 illud,
614 1688 695 1726 quod
712 1687 805 1717 tradit
821 1687 1006 1727 Porphyrio:
1031 1689 1039 1703 ⁴
1050 1688 1086 1718 In
1102 1688 1184 1718 hunc
1199 1688 1314 1719 librum

67 1730 220 1769 congessit
245 1738 398 1770 praecepta
421 1731 634 1770 Neopotolemi
659 1731 716 1761 τοῦ
742 1731 914 1771 Παριανοῦ
940 1732 978 1761 de
1005 1739 1070 1761 arte
1096 1732 1226 1771 poetica,
1249 1742 1312 1763 non

67 1773 192 1813 quidem
208 1774 321 1810 omnia,
337 1775 390 1804 sed
405 1773 667 1804 eminentissima.'

111 1817 204 1849 Quod
219 1818 258 1847 ad
272 1818 369 1856 ipsam
386 1817 536 1856 poematis
552 1817 680 1847 sormam
696 1817 817 1853 attinet,
833 1817 877 1846 illi
894 1818 1108 1848 tantummodo
1125 1819 1314 1858 Interpretes

68 1869 176 1890 verum
191 1859 346 1897 viderunt,
371 1861 423 1899 qui
445 1861 625 1899 ‘epistolam
648 1860 968 1890 didacticosatiricam’
992 1871 1057 1891 esse
1077 1863 1313 1900 contenderunt,

67 1912 130 1933 non
146 1912 257 1943 poema
272 1903 491 1933 didascalicum
507 1904 657 1933 universae
674 1904 772 1943 poesis
788 1904 870 1942 leges
884 1914 919 1934 ac
934 1905 1055 1942 regulas
1071 1915 1254 1944 proponens,
1278 1913 1314 1936 ut

69 1947 142 1976 olim
167 1947 308 1985 plerique
334 1947 391 1976 rati
418 1952 500 1982 sunt,
526 1956 588 1976 non
612 1947 891 1977 animadvertentes
916 1955 1069 1987 praecepta
1094 1958 1182 1987 paene
1208 1949 1313 1980 omnia

69 1989 176 2020 referri
191 1990 230 2020 ad
243 1999 342 2028 genus
357 1989 571 2024 dramaticum.
595 2000 631 2020 ea
648 2000 718 2019 vero
733 2000 856 2028 genera,
878 1990 910 2019 in
926 1991 1038 2029 quibus
1053 1991 1118 2030 ipse
1133 1993 1313 2031 excellebat,

69 2032 200 2072 lyricum
218 2032 315 2072 (quod
338 2033 446 2062 leviter
468 2033 629 2063 dumtaxat
647 2033 772 2072 attingit
788 2043 834 2063 vv.
851 2033 1004 2073 83-85),
1019 2034 1136 2070 satiras,
1160 2035 1314 2075 epistolas,

69 2075 269 2115 epigramma,
283 2085 394 2114 poema
409 2076 636 2112 didascalicum,
649 2086 837 2116 quamquam
849 2077 913 2116 ipse
928 2077 1105 2107 Lucretium
1120 2079 1315 2118 suspiciebat,

69 2128 194 2158 prorsus
215 2119 375 2158 praeteriri.
419 2119 455 2149 Id
479 2119 573 2158 igitur
595 2125 709 2156 teneto,
734 2120 814 2150 hanc
835 2120 996 2159 epistolam
1022 2121 1181 2152 Pisonibus
1203 2129 1315 2162 praeter

70 2167 188 2192 ceteros
206 2162 389 2192 destinatam
405 2169 497 2201 atque
515 2164 552 2192 ab
576 2163 623 2192 his
642 2163 724 2193 intra
744 2164 925 2193 domesticos
947 2164 1078 2203 parietes
1102 2165 1211 2195 lectam
1237 2176 1314 2204 esse,

71 2210 237 2244 antequam
263 2206 415 2236 ederetur.
462 2206 556 2236 Poeta
577 2212 680 2236 autem
704 2207 919 2236 benevolentia
942 2207 974 2236 in
992 2207 1132 2238 Pisonem
1156 2211 1316 2249 majorem,

71 2247 145 2278 boni
168 2249 251 2278 haud
278 2249 372 2278 dubie
402 2248 518 2288 ingenii
548 2250 782 2287 adolescentem,
811 2250 863 2280 sed
895 2250 987 2280 nimis
1016 2251 1142 2282 sortasse
1167 2253 1315 2292 cupidum

73 2300 187 2322 novum
210 2291 335 2330 aliquod
355 2301 454 2330 genus
479 2293 628 2329 tentandi,
652 2293 796 2323 metuisse
812 2294 943 2331 videtur,
971 2303 1010 2324 ne
1036 2294 1061 2324 si
1088 2295 1183 2325 nimio
1206 2297 1316 2327 ardore

72 2333 204 2366 serretur
218 2335 258 2366 ad
274 2336 380 2366 drama
394 2335 551 2366 satiricum
565 2338 823 2376 componendum,
847 2343 1013 2378 antequam
1029 2337 1203 2370 universam
1218 2346 1317 2371 artem

662 2379 734 2410 N2
