1390 2586
411 110 679 140 SATIRARUM
708 110 798 138 Lm.
822 111 869 138 11.
891 100 930 138 2.
1242 101 1297 141 29

47 214 230 258 Acclinis
250 213 359 256 falsis
378 213 538 255 animus
560 213 725 254 meliora
745 219 928 262 recusat3

53 273 203 315 Verum
223 271 289 313 hic
309 271 503 327 impransi
525 286 685 312 mecum
707 271 932 326 disquirite.
995 269 1082 311 Cur
1103 269 1210 312 hoc?

45 330 210 380 Dicam,
231 329 264 371 si
286 338 441 385 potero.
506 328 621 369 Male
645 344 784 369 verum
807 328 1014 369 examinat
1034 328 1166 369 omnis

49 388 276 443 Corruptus
290 386 434 442 judex.
499 385 701 442 Leporem
723 394 911 434 sectatus,
936 400 1095 440 equove

47 445 198 487 Lassus
217 445 268 486 ab
289 443 500 492 indomito,
525 444 602 493 vel,
626 443 659 484 si
685 443 870 484 Romana
892 443 1036 499 fatigat
1245 446 1296 484 10

46 502 204 544 Militia
222 502 436 543 adsuetum
460 501 656 550 Graecari,
679 517 752 542 seu
774 501 855 556 pila
877 501 1009 549 velox,

47 559 235 602 Molliter
253 567 460 600 austerum
481 559 615 600 studio
637 558 802 600 fallente
825 558 1018 607 laborem,

48 617 132 659 Seu
154 625 195 659 te
215 616 350 658 discus
370 617 469 673 agit,
492 627 586 672 pete
607 616 820 658 cedentem
843 631 936 657 aera
957 616 1093 657 disco:

48 673 192 724 Quum
215 674 328 716 labor
349 674 556 716 extuderit
576 673 749 723 fastidia,
773 674 915 723 siccus,
940 674 1085 717 inanis,

49 733 208 787 Sperne
230 732 366 773 cibum
388 732 536 780 vilem3
560 731 637 773 nisi
663 731 880 788 Hymettia
902 731 1022 772 mella
1047 731 1222 772 Falerno
1250 733 1297 771 15

47 788 117 831 Ne
139 789 289 831 biberis
309 789 450 831 diluta.
514 789 630 830 Foris
651 799 712 830 est
734 804 911 845 promus,
938 798 980 830 et
999 799 1132 830 atrum

48 846 292 889 Defendens
313 847 443 902 pisces
463 846 617 888 hiemat
638 862 772 894 mare3
805 862 896 888 cum
918 847 1000 887 sale
1023 847 1139 903 panis

34 903 288 946 *Latrantem
308 904 560 946 stomachum
584 905 688 945 bene
712 904 849 946 leniet.
903 904 1027 946 Unde
1050 915 1180 960 putas,
1203 914 1276 945 aut

49 961 139 1012 Qui
158 961 355 1019 partum?
414 961 510 1003 Non
532 963 573 1003 in
596 977 687 1003 caro
709 962 851 1003 nidore
874 962 1059 1018 voluptas

53 1019 235 1070 Summa,
257 1020 328 1062 sed
350 1019 391 1061 in
413 1028 454 1062 te
475 1020 563 1076 ipso
585 1029 658 1061 est.
702 1019 770 1061 Tu
792 1019 1064 1076 pulmentaria
1085 1035 1224 1075 quaere
1244 1023 1299 1060 20

53 1077 268 1119 Sudando:
301 1077 499 1134 pinguem
521 1077 629 1119 vitiis
648 1077 869 1133 albumque
893 1093 1028 1133 neque
1050 1087 1183 1119 ostrea

51 1133 143 1176 Nec
163 1149 311 1185 scarus,
332 1144 403 1177 aut
424 1135 574 1191 poterit
596 1136 814 1192 peregrina
827 1136 974 1191 juvare
998 1136 1139 1191 lagois.

51 1191 135 1233 Vix
157 1199 293 1234 tamen
314 1192 496 1248 eripiam,
520 1194 652 1248 posito
673 1208 846 1248 pavone,
867 1193 969 1234 velis
990 1195 1089 1248 quin

53 1249 149 1292 Hoc
169 1250 317 1306 potius,
339 1265 462 1306 quam
482 1250 635 1307 gallina
658 1260 819 1306 tergere
841 1250 1035 1306 palatum,

53 1306 282 1364 Corruptus
303 1307 417 1349 vanis
437 1323 593 1358 rerum3
627 1308 724 1364 quia
745 1316 892 1350 veneat
911 1323 1010 1350 auro
1247 1313 1303 1349 25

54 1363 166 1407 Rara
184 1365 283 1416 avis,
305 1374 347 1407 et
367 1365 475 1422 pieta
497 1365 648 1421 pandat
667 1365 897 1421 spectacula
918 1365 1069 1407 cauda:

52 1421 285 1478 Tamquam
306 1422 357 1465 ad
387 1438 472 1464 rem
500 1423 672 1465 attineat
692 1423 929 1479 quidquam.
994 1424 1105 1464 Num
1128 1423 1304 1466 vesceris

165 1479 256 1529 ista,

54 1535 192 1587 Quam
214 1537 366 1588 laudas,
389 1537 562 1594 pluma?
593 1546 709 1580 cocto
730 1554 828 1580 num
848 1538 962 1580 adest
982 1539 1111 1580 honor
1132 1539 1275 1582 idem?

8 1628 15 1637 ,
55 1595 191 1636 Carne
213 1603 362 1646 tamen,
386 1595 572 1652 quamvis
593 1597 717 1638 distat
737 1596 851 1646 nihil,
876 1597 952 1638 hac
973 1597 1101 1653 magis
1123 1597 1235 1639 illam

54 1651 285 1708 Imparibus
306 1654 444 1695 formis
465 1653 682 1710 deceptum
705 1662 745 1695 te
767 1663 907 1709 petere
930 1664 1042 1696 esto:
1250 1658 1304 1697 30

56 1709 184 1752 Unde
203 1711 340 1752 datum
362 1711 501 1760 sentis,
524 1712 644 1768 lupus
667 1711 731 1753 hic
753 1712 990 1762 Tiberinus,
1013 1728 1063 1754 an
1086 1713 1169 1754 alto

57 1766 216 1823 Captus
235 1768 351 1810 hiet?
382 1778 580 1825 pontesne
603 1770 708 1811 inter
722 1771 921 1825 jactatus3
954 1786 1004 1811 an
1026 1771 1157 1812 amnis

57 1824 177 1867 Ostia
196 1826 271 1867 sub
292 1826 451 1868 Tusci?
511 1826 687 1876 Laudas,
711 1827 866 1877 insane,
890 1828 1088 1869 trilibrem

57 1881 255 1933 Mullum,
272 1882 314 1924 in
329 1884 492 1941 singula
505 1899 629 1940 ,quem
647 1884 805 1926 minuas
822 1885 1035 1941 pulmenta
1051 1900 1217 1927 necesse
1234 1895 1307 1927 est.

55 1938 189 1982 Ducit
210 1948 249 1982 te
269 1941 440 1997 speeies,
465 1942 606 1992 video;
639 1958 722 1997 quo
743 1944 923 1998 pertinet
943 1959 1042 1998 ergo
1252 1946 1307 1985 35

57 1996 256 2040 Proceros
276 1998 408 2040 odisse
429 1999 577 2055 lupos?
637 1999 750 2049 Quia
769 2001 925 2042 scilicet
946 2001 1024 2042 illis

57 2053 266 2112 Majorem
288 2064 432 2097 natura
451 2057 614 2098 modum
637 2058 760 2108 dedit,
784 2058 846 2099 his
869 2058 990 2100 breve
1013 2058 1186 2114 pondus.

56 2112 233 2168 Jejunus
254 2114 596 2156 raro-stomachus
617 2115 801 2171 vulgaria
823 2116 981 2157 temnit.

20 2183 22 2186 ’
58 2169 300 2212 Porrectum
322 2186 472 2228 magno
494 2187 687 2228 magnum
709 2182 893 2229 spectare
916 2173 1050 2215 catino

26 2271 30 2273 Α
59 2226 237 2278 Vellem,
259 2229 316 2271 ait
338 2229 538 2285 Harpyiis
558 2230 656 2285 gula
676 2230 802 2286 digna
821 2231 1046 2286 rapacibus.
1086 2231 1145 2272 At
1166 2247 1236 2274 vos
1257 2236 1312 2273 40

14 2303 28 2338 ς
62 2284 648 2342 Praesentes‚Austri‚coquite
664 2287 806 2329 horum
824 2288 1012 2330 obsonia!
1050 2288 1314 2345 Quamquam

12 2354 34 2402 ξ
63 2341 191 2386 Putet
208 2359 306 2401 aper
326 2344 602 2401 rhombusque
623 2360 780 2396 recens,
804 2346 909 2387 mala
931 2346 1047 2403 copia
1068 2348 1232 2404 quando

650 2417 673 2444 c
693 2406 721 2444 3
