1390 2586
147 117 200 155 56
485 126 799 155 EPJSTOLARUM
828 126 916 154 Lm.
939 127 968 154 1.
990 117 1028 156 8.

149 226 302 267 Verum
323 225 392 267 ubi
412 240 506 267 oves
526 226 645 275 furto,
667 225 806 266 morbo
825 225 980 281 periere
1000 225 1176 281 capellae,
1315 227 1363 266 85

151 283 273 337 Spem
295 282 462 323 mentita
481 297 609 337 seges,
632 281 702 322 bos
723 290 783 322 est
802 289 965 323 enectus
984 281 1156 330 arando;

150 338 342 379 Offensus
362 338 516 379 damnis
536 337 670 380 media
689 337 739 378 de
759 346 876 379 nocte
897 338 1092 379 caballum

150 394 319 448 Arripit,
341 394 545 448 iratusque
570 393 748 448 Philippi
769 393 897 435 tendit
915 393 965 434 ad
985 393 1102 435 aedes.

152 449 287 498 Quem
318 450 436 491 simul
469 450 654 505 adspexit
687 449 870 490 scabrum
898 450 1182 504 intonsumque
1213 447 1371 503 Philip-

260 520 347 560 pus,

151 563 302 610 Durus,
325 561 392 611 ait,
420 562 460 602 V
456 563 559 610 ultei,
581 562 698 602 nimis
716 568 951 616 attentusque
970 563 1115 604 videris
1318 562 1371 600 90

149 619 247 658 Esse
268 619 376 658 milri.
437 618 524 666 Pol,
547 633 611 658 me
631 617 833 666 miserum,
855 626 1033 672 patrone,
1054 630 1228 665 vocares,

153 674 198 715 Si
217 674 353 724 velles,
375 674 520 728 inquit,
541 689 678 715 verum
700 674 797 714 mihi
816 688 967 728 ponere
987 688 1146 714 nomen.
1239 709 1242 712 ,

153 729 276 778 Quod
297 738 336 771 te
356 745 427 785 per
450 730 642 779 Genium,
665 729 940 784 dextramque,
964 729 1158 784 Deosque
1180 728 1354 769 Penates

153 785 334 827 Obsecro
355 797 396 827 et
416 786 604 836 obtestor,
625 786 718 828 vitae
737 801 802 826 me
821 786 944 826 redde
960 785 1097 840 priori.

154 841 239 889 Qui
259 842 383 882 semel
403 842 599 897 adspexit,
622 849 816 897 quantum
837 841 997 882 dimissa
1018 841 1153 896 petitis
1320 841 1373 879 95

154 897 366 948 Praestent,
388 906 543 939 mature
564 898 712 947 redeat,
734 907 970 952 repetatque
991 897 1141 938 relicta.

155 953 298 995 Metiri
318 969 360 995 se
381 969 584 1009 quemque
605 969 676 995 suo
697 954 856 996 modulo
875 969 922 994 ac
941 953 1043 1009 pede
1064 967 1203 995 verum
1223 958 1296 994 est.

250 1209 462 1238 EPISTOLA
491 1209 703 1237 V111.—AD
735 1207 908 1235 CELSUM
938 1205 1279 1235 ALBINOVANUM.

156 1300 277 1342 Celso
296 1301 472 1357 gaudere
494 1308 534 1342 et
554 1300 658 1341 bene
678 1313 764 1339 rem
783 1313 925 1354 gerere
947 1297 1216 1346 Albinovano,

155 1357 279 1398 Musa
298 1365 449 1412 rogata,
471 1357 588 1405 refer,
611 1355 746 1397 comiti
765 1354 986 1409 scribaeque
1007 1353 1193 1394 Neronis.

157 1413 200 1454 Si
230 1421 395 1468 quaeret,
418 1413 515 1467 quid
544 1427 675 1468 agam,
703 1411 780 1460 dic,
807 1411 934 1452 multa
962 1418 1003 1451 et
1031 1409 1196 1465 pulchra
1223 1407 1382 1448 minan-

265 1478 359 1518 tem,

154 1525 304 1566 Vivere
325 1541 401 1566 nec
421 1533 542 1574 recte,
565 1539 642 1565 nec
661 1523 859 1565 suaviter:
890 1521 995 1563 haud
1016 1521 1111 1576 quia
1129 1519 1282 1576 grando

157 1581 399 1623 Contuderit
419 1582 533 1631 vites,
556 1581 735 1621 oleamve
756 1578 1014 1619 momorderit
1032 1585 1166 1628 aestuS‚
1351 1576 1377 1615 5

155 1637 245 1678 Nec
266 1638 360 1692 quia
379 1637 611 1693 longinquis
630 1644 859 1677 armentum
879 1641 1048 1689 aegrotet
1066 1633 1109 1673 in
1128 1631 1235 1686 agris
1251 1646 1261 1679 ;

158 1694 241 1735 Sed
261 1694 367 1748 quia,
389 1702 525 1735 mente
546 1692 677 1733 minus
696 1691 864 1740 validus,
887 1705 1006 1745 quam
1027 1703 1191 1744 corpore
1211 1694 1309 1736 toto,

155 1749 227 1791 Nil
246 1750 384 1790 audire
404 1750 537 1798 velim,
560 1748 616 1788 nil
638 1747 803 1795 discere,
823 1746 930 1801 quod
951 1746 1058 1786 levet
1076 1758 1255 1800 aegrum;

157 1805 269 1847 Fidis
288 1805 466 1846 offendar
487 1804 664 1852 medicis,
686 1803 829 1844 irascar
849 1802 1000 1851 amicis,
1059 1809 1062 1812 ’

158 1862 243 1903 Cur
263 1877 327 1902 me
348 1862 507 1902 funesto
526 1867 745 1916 properent
763 1873 898 1900 arcere
920 1869 1112 1906 vetern03
1330 1855 1380 1895 1⁰

157 1918 263 1966 Quae
282 1932 468 1966 nocuere,
491 1931 659 1971 sequar;
691 1915 856 1971 fugiam,
879 1929 969 1969 quae
990 1913 1148 1970 profore
1168 1911 1352 1954 credam:

159 1975 302 2015 Romae
323 1974 454 2014 Tibur
474 1987 604 2014 amem
625 1979 827 2021 ventosus,
852 1971 1008 2011 Tibure
1032 1970 1215 2010 Romam.

159 2031 258 2071 Post
277 2030 373 2079 haec,
397 2038 442 2070 ut
461 2029 604 2078 valeat,
627 2043 707 2082 quo
729 2035 843 2083 pacto
864 2041 947 2067 rem
968 2034 1083 2082 gerat
1102 2033 1145 2066 et
1163 2039 1206 2066 se
1222 2040 1234 2073 ς

160 2087 221 2128 Ut
241 2086 396 2140 placeat
409 2085 565 2141 juveni,
587 2092 833 2139 percontare,
853 2091 976 2138 utque
997 2080 1160 2123 cohorti.

162 2142 206 2182 Si
226 2142 344 2190 dicet,
370 2142 522 2190 Recte;
554 2141 725 2196 primum
751 2140 925 2196 gaudere
940 2154 949 2187 ;
981 2136 1149 2179 subinde
1335 2137 1382 2176 15

161 2198 415 2253 Praeceptum
436 2197 622 2239 auriculis
643 2197 717 2238 hoc
737 2196 929 2237 instillare
950 2201 1175 2234 memento:

162 2254 223 2296 Ut
244 2263 286 2294 tu
306 2255 520 2304 fortunam,
542 2254 599 2295 sic
619 2268 691 2294 nos
712 2262 764 2302 te,
789 2252 921 2301 Celse,
943 2251 1129 2291 feremus.
1159 2269 1166 2275 ι
