1390 2586
154 110 207 147 40
503 117 760 146 SATIRARUM
790 117 876 144 Lm.
900 118 947 144 rr.
970 107 1007 145 4.

155 218 303 272 Longa
322 217 467 272 quibus
486 217 606 258 facies
626 215 710 255 ovis
731 215 819 265 erit,
841 215 908 256 illa
928 224 1143 266 memento,

156 274 219 316 Ut
238 274 346 314 succi
368 273 538 314 melioris
559 281 599 313 et
622 281 663 312 ut
683 272 810 326 magis
830 272 919 312 alba
939 273 1132 322 rotundis,

157 331 336 377 Ponere3
368 344 540 384 namque
562 343 710 368 marem
732 327 921 368 cohibent
941 328 1084 370 callosa
1102 329 1295 371 vitellum.

157 387 285 427 Caule
306 385 545 433 suburbano,
568 384 636 438 qui
657 383 771 424 siccis
792 384 918 424 crevit
938 384 976 424 in
998 385 1118 440 agris,
1324 389 1372 427 15

155 442 350 489 Dulcior3
382 441 532 496 irriguo
555 440 652 480 nihil
674 448 734 480 est
755 440 901 479 elutius
926 440 1051 481 horto.

158 498 202 539 Si
224 498 473 551 vespertinus
492 497 624 537 subito
645 504 684 536 te
706 495 948 550 oppresserit
968 496 1122 551 hospes,

155 554 222 594 Ne
243 554 393 609 gallina
413 553 559 594 malum
581 561 787 606 responset
807 551 904 591 dura
926 551 1070 606 palam,

154 610 314 651 Doctus
335 609 412 650 eris
433 610 561 649 vivam
583 617 712 648 musto
734 622 904 648 mersare
930 607 961 648 F
963 608 1123 657 alern03

157 667 250 707 Hoc
270 675 446 707 teneram
468 664 598 705 faciet.
660 664 918 704 Pratensibus
939 665 1089 717 optima
1107 665 1243 721 fungis
1318 669 1372 706 20

155 722 312 763 Natura
332 730 416 762 est:
447 721 534 761 aliis
556 719 656 761 male
677 719 864 760 creditur.
925 719 999 760 Ille
1020 720 1196 762 salubres

155 778 336 819 AEstates
357 786 534 832 peraget,
557 776 627 831 qui
649 775 773 831 nigris
794 775 958 830 prandia
978 776 1096 818 moris

156 834 304 882 Finiet,
326 842 418 874 ante
439 848 601 887 gravem
622 847 712 886 quae
735 832 876 887 legerit
895 832 1035 873 arbore
1055 833 1192 874 solem.

154 890 343 931 Aufidius
363 890 454 930 forti
475 889 666 929 miscebat
687 888 804 928 mella
827 888 1011 936 Falerno,
1388 935 1390 937 Ι

155 942 379 993 Merstlose3
410 945 598 1000 quoniam
620 944 752 985 vacuis
773 944 1020 985 committere
1041 944 1153 985 venis
1318 939 1390 986 25*

155 1002 224 1042 Nil
247 1003 322 1042 nisi
345 1003 433 1042 lene
455 1002 594 1042 decet:
627 1001 708 1041 leni
729 1000 944 1054 praecordia
964 1000 1091 1041 mulso

155 1058 359 1099 Prolueris
380 1058 533 1099 melius.
595 1057 639 1097 Si
659 1057 757 1097 dura
778 1056 992 1098 morabitur
1012 1057 1136 1106 alvus,

155 1115 330 1155 Mitulus
351 1123 391 1155 et
412 1115 510 1154 viles
530 1114 685 1168 pellent
705 1113 902 1153 obstantia
922 1113 1095 1162 conchae,

154 1170 211 1212 Et
232 1170 380 1225 lapathi
402 1170 532 1211 brevis
553 1170 687 1218 herba,
709 1169 778 1209 sed
799 1169 889 1209 albo
910 1184 989 1209 non
1010 1169 1096 1210 sine
1120 1169 1220 1211 Coo.

153 1226 329 1268 Lubrica
350 1234 556 1267 nascentes
576 1226 746 1280 implent
766 1225 975 1280 conchylia
994 1225 1125 1274 lunae3
1316 1229 1370 1267 30
1387 1254 1390 1255 ν

155 1283 235 1324 Sed
258 1298 336 1323 non
359 1298 476 1323 omne
505 1297 611 1322 mare
633 1290 694 1322 est
712 1296 918 1336 generosae
938 1281 1069 1322 fertile
1090 1289 1214 1323 testae.

154 1339 317 1380 Murice
344 1339 493 1380 Baiano
514 1338 653 1378 melior
676 1337 852 1378 Lucrina
871 1337 1043 1393 peloris:

154 1395 301 1436 Ostrea
324 1395 502 1444 Circeiis,
530 1394 691 1434 Miseno
713 1394 893 1434 oriuntur
914 1393 1068 1442 eclrini3

154 1451 388 1492 Pectinibus
409 1451 552 1506 patulis
567 1451 694 1505 jactat
713 1464 754 1491 se
775 1450 894 1490 molle
916 1449 1150 1490 Tarentum.

153 1507 244 1548 Nec
263 1508 338 1548 sibi
359 1522 562 1548 coenarum
583 1506 712 1561 quivis
734 1515 883 1546 temere
904 1506 1070 1561 adroget
1089 1513 1228 1554 artem,
1317 1508 1370 1546 35

154 1564 248 1605 Non
269 1564 379 1618 prius
399 1563 538 1604 exacta
561 1563 674 1604 tenui
695 1562 847 1603 ratione
868 1576 1065 1616 saporum.

152 1620 243 1661 Nec
262 1621 356 1661 satis
376 1628 448 1668 est,
471 1619 560 1660 cara
582 1619 708 1673 pisces
728 1633 910 1659 averrere
931 1617 1082 1666 mensa,

153 1676 358 1732 Ignarum,
381 1676 526 1730 quibus
547 1683 607 1715 est
620 1675 687 1729 jus
707 1675 850 1729 aptius,
874 1683 914 1715 et
934 1674 1079 1728 quibus
1099 1674 1194 1715 assis

151 1733 390 1787 Languidus
410 1733 449 1772 in
472 1731 648 1772 cubitum
664 1731 750 1785 Jam
770 1745 812 1770 se
833 1729 999 1770 conviva
1024 1738 1204 1785 reponet.

153 1789 311 1830 Umber
331 1798 372 1829 et
390 1788 515 1843 iligna
538 1787 710 1827 nutritus
730 1786 875 1842 glande
896 1786 1084 1826 rotundas
1318 1790 1371 1827 40

154 1844 306 1886 Curvat
326 1859 422 1899 aper
445 1845 577 1884 lances
597 1858 755 1884 carnem
777 1843 938 1883 vitantis
959 1842 1150 1883 inertem:

152 1901 259 1942 Nam
283 1901 465 1942 Laurens
486 1900 611 1940 malus
631 1907 703 1948 est,
728 1898 827 1939 ulvis
849 1907 889 1940 et
907 1898 1101 1939 arundine
1122 1898 1295 1954 pinguis.

151 1957 285 1998 Vinea
304 1956 503 1998 submittit
523 1971 683 2010 capreas
704 1970 782 1996 non
803 1970 960 2010 semper
981 1954 1130 1996 edules.

153 2013 355 2054 Fecundae
378 2013 521 2068 leporis
541 2012 698 2067 sapiens
718 2011 934 2052 sectabitur
953 2026 1094 2052 armos,

153 2069 336 2110 Piscibus
356 2079 476 2124 atque
492 2068 630 2109 avibus
651 2083 741 2123 quae
761 2076 902 2108 natura
922 2074 963 2108 et
982 2067 1085 2108 foret
1103 2074 1211 2121 aetas,
1317 2069 1371 2107 45

151 2126 262 2166 Ante
284 2141 417 2166 meum
438 2125 536 2165 nulli
558 2125 686 2180 patuit
706 2124 873 2179 quaesita
892 2123 1081 2178 palatum.

154 2182 271 2230 Sunt,
295 2197 464 2236 quorum
484 2182 692 2236 ingenium
714 2195 816 2220 nova
836 2188 991 2221 tantum
1011 2178 1184 2220 crustula
1210 2178 1370 2234 promit.

152 2238 422 2293 Nequaquam
442 2238 536 2279 satis
556 2237 596 2277 in
618 2252 660 2277 re
683 2237 759 2277 una
782 2250 1015 2277 consumere
1037 2250 1169 2276 curam
1187 2250 1196 2274 :

152 2296 215 2338 Ut
234 2294 267 2336 si
289 2295 377 2349 quis
397 2295 524 2335 solum
546 2293 632 2343 hoc,
657 2293 758 2334 mala
778 2307 829 2333 ne
849 2293 930 2334 sint
949 2291 1052 2342 vina,
1075 2291 1239 2341 laboret,
