1390 2586
454 90 673 119 EP18TOLA
703 89 762 117 AD
794 88 997 120 lusos-Es.
1278 78 1357 119 107

155 193 198 247 Ο
218 194 346 251 major
359 193 578 250 juvenum,
601 192 790 248 quamvis
810 199 853 233 et
874 206 972 233 voce
994 190 1165 247 paternii

100 251 176 298 Fin
211 251 288 294 eris
307 251 358 293 ad
381 259 537 292 rectum
559 258 602 292 et
622 264 697 306 per
719 259 758 292 te
779 250 901 305 sapis,
924 249 1002 290 hoc
1025 248 1097 290 tibi
1118 248 1275 290 dictum

97 309 178 352 Tol
197 324 220 352 e
241 323 408 357 memor,
431 309 554 350 certis
574 307 756 349 medium
778 316 821 350 et
841 307 1053 350 tolerabile
1074 306 1198 349 rebus

98 367 230 410 Recte
250 366 443 409 concedi:
477 365 687 408 consultus
701 365 808 421 juris
829 373 873 407 et
891 374 1004 407 actor

97 425 321 467 Causarum
344 424 560 466 mediocris
580 423 698 465 abest
718 424 869 465 virtute
890 422 1033 464 diserti
1269 426 1354 466 370

96 481 301 532 Messalae,
324 497 402 524 nec
421 481 498 523 scit
518 489 718 537 quantum
742 479 968 522 Cascellius
991 479 1152 530 Aulus3

94 539 179 582 Sed
200 549 334 582 tamen
357 540 399 581 iu
422 539 555 596 pretio
575 548 659 580 est:
693 538 967 580 mediocribus
987 553 1076 579 esse
1098 538 1232 594 poetis

93 596 190 639 Non
211 597 410 647 homines,
435 613 517 638 non
539 596 594 646 di,
618 611 700 638 non
723 611 962 638 concessere
984 596 1199 639 columnae.

92 653 155 698 Ut
173 665 311 712 gratas
331 655 439 697 inter
460 669 620 696 mensas
639 654 887 710 symphonia
906 654 1074 707 discors,

90 711 148 754 Et
177 728 355 755 crassum
394 722 667 769 unguentum,
702 721 745 754 et
781 712 912 753 Sardo
943 727 1037 753 cum
1069 712 1192 754 melle
1226 726 1352 768 papa-

201 785 274 812 ver
1267 772 1352 812 375

88 825 334 879 Offendunt,
357 835 518 885 poterat
538 826 633 868 duci
654 827 753 883 quia
773 842 891 869 coena
911 826 1000 868 sine
1021 827 1134 869 istis:

89 885 160 927 Sic
179 886 326 928 animis
348 895 488 928 natum
509 885 810 941 inventumque
832 900 979 940 poema
993 885 1205 941 juvandis,

89 941 136 984 Si
157 943 340 999 paullum
361 959 385 985 a
404 958 565 985 summo
586 943 776 992 decessit,
800 943 936 999 vergit
955 944 1006 984 ad
1029 943 1171 985 imum.

89 999 254 1043 Ludere
275 1001 346 1058 qui
369 1001 512 1050 nescit,
535 1001 835 1056 campestribus
854 1001 1036 1042 abstinet
1055 1002 1191 1052 armis,

86 1056 366 1116 Indoctusque
387 1059 482 1116 pilae
501 1058 656 1100 discive
679 1058 861 1100 trochive
883 1058 1073 1114 quiescit,
1263 1062 1348 1101 380

87 1114 154 1157 Ne
173 1116 314 1173 spissae
334 1117 461 1158 risum
483 1116 628 1158 tollant
648 1116 819 1172 impune
841 1131 1025 1158 coronae:

84 1172 173 1222 Qui
193 1175 338 1225 nescit,
361 1189 502 1216 versus
524 1184 662 1216 tamen
682 1174 809 1216 audet
830 1174 1002 1231 fingere.
1066 1173 1264 1223 Quidni?

85 1229 214 1273 Liber
234 1241 277 1275 et
297 1233 516 1290 ingenuus,
540 1232 766 1287 praesertim
788 1247 936 1274 census
957 1243 1192 1288 equestrem

85 1287 297 1331 Summam
319 1304 594 1339 nummorum,
617 1289 801 1345 vitioque
822 1298 1004 1331 remotus
1025 1290 1077 1333 ab
1099 1289 1224 1332 omni.

83 1344 153 1387 Tu
175 1346 278 1388 nihil
299 1347 429 1389 invita
451 1347 564 1388 dices
585 1347 761 1388 faciesve
786 1346 1009 1397 Minervfu
1259 1352 1346 1391 38?

83 1401 134 1445 Id
155 1403 228 1446 tibi
243 1405 448 1461 judicium
471 1412 546 1454 est,
569 1419 618 1446 ea
639 1419 768 1446 mens.
814 1405 859 1446 Si
881 1405 980 1460 quid
1003 1414 1140 1446 tamen
1162 1406 1261 1448 olim

83 1460 319 1518 Scripseris,
342 1462 384 1504 in
411 1461 537 1504 Maeci
557 1462 782 1504 descendat
795 1462 949 1518 judicis
969 1478 1103 1513 aures,

81 1516 140 1560 Et
158 1519 296 1575 patris,
319 1529 362 1563 et
382 1529 553 1570 nostras,
578 1535 818 1575 nonumque
840 1529 1049 1576 prematur
1070 1520 1112 1562 in
1133 1536 1302 1573 annum,

81 1574 338 1620 Membranis
358 1577 469 1620 intus
489 1577 654 1634 positis:
689 1578 828 1619 delere
853 1578 1008 1628 licebit,

78 1632 204 1682 Quod
225 1650 306 1677 non
328 1635 529 1685 edideris3
563 1635 695 1677 nescit
716 1651 797 1677 vox
818 1636 940 1678 missa
961 1636 1125 1678 reverti.
1256 1641 1341 1679 390

138 1691 356 1735 silvestres
376 1692 564 1735 homines
584 1708 698 1735 sacer
718 1692 1006 1750 interpresque
1030 1694 1220 1736 Deorum

79 1747 274 1792 Caedibus
294 1759 338 1793 et
358 1751 469 1793 victu
490 1750 601 1792 foedo
621 1750 822 1793 deterruit
844 1751 1064 1808 Orpheus3

77 1805 229 1849 Dictus
250 1807 302 1850 ob
324 1808 400 1850 hoc
422 1808 551 1850 lenire
574 1809 715 1865 tigres,
739 1809 986 1865 rabidosque
1007 1809 1162 1852 leones.

77 1863 230 1906 Dictus
250 1874 294 1907 et
315 1866 540 1922 Amphion,
565 1865 780 1908 Thebanae
802 1867 990 1910 conditor
1011 1867 1128 1917 arcis,

77 1921 189 1963 Saxa
209 1937 375 1964 movere
395 1938 496 1965 sono
518 1923 747 1974 testudinis,
771 1933 813 1966 et
834 1939 955 1980 prece
978 1925 1127 1967 blanda
1256 1928 1341 1969 395

75 1978 244 2021 Ducere
265 1995 349 2036 quo
370 1980 507 2022 vellet.
570 1980 669 2024 Fuit
689 1981 776 2024 haec
796 1982 998 2039 sapientia
1019 1982 1242 2039 quondam,

77 2036 251 2079 Publica
270 2038 440 2094 ,privatis
460 2053 689 2090 secernere,
711 2054 825 2082 sacra
845 2040 1040 2096 profanis,

75 2093 313 2137 Concubitu
336 2095 554 2151 prohibere
575 2111 694 2153 vago,
717 2096 813 2138 dare
828 2098 925 2154 jura
946 2097 1114 2149 maritis,

73 2150 243 2208 Oppida
264 2153 413 2202 moliri,
436 2153 551 2210 leges
572 2153 753 2196 incidere
774 2154 915 2210 ligno:

77 2208 146 2251 Sic
167 2209 297 2252 honor
319 2219 363 2254 et
383 2226 532 2252 nomen
555 2211 705 2253 divinis
726 2213 886 2254 vatibus
906 2220 1033 2268 atque
1253 2218 1336 2257 400

73 2265 342 2310 Carminibus
363 2269 491 2310 venit.
555 2268 656 2311 Post
677 2268 749 2310 hos
769 2269 944 2326 insignis
971 2270 1190 2323 Homerus,

73 2322 357 2383 Tyrtaeusque
379 2341 511 2369 mares
531 2327 689 2369 animos
709 2341 751 2425 ιᾶι
777 2326 933 2370 Martia
954 2327 1062 2371 bella

663 2398 686 2426 F
