1390 2586
414 134 679 165 SATIRARUM
710 133 800 162 Lm.
824 133 854 161 1.
877 122 916 159 6.
1077 160 1084 169 l
1244 119 1294 158 15

43 241 248 285 Convivas
268 238 408 282 avidos
429 252 586 280 coenam
609 250 830 291 servosque
852 234 1046 276 timentes
1241 235 1295 274 75

44 300 156 342 Tum
176 312 331 354 rapere,
354 303 478 352 atque
499 310 641 336 omnes
663 294 918 349 restinguere
940 292 1046 333 velle
1069 290 1242 333 videres.

46 356 199 412 Incipit
219 370 271 397 ex
292 354 363 396 illo
384 361 544 395 montes
566 352 720 408 Apulia
741 359 858 392 notos
1207 375 1226 389 f

46 413 267 457 Ostentare
287 411 401 461 mihi,
425 426 526 467 quos
548 418 674 452 torret
697 407 914 456 Atabulus,
938 415 979 449 et
1001 422 1102 462 quos

46 471 271 527 Nunquam
295 483 542 525 erepsemus,
567 467 644 509 nisi
666 482 739 508 nos
759 465 893 506 vicina
915 464 1074 506 Trivici

13 528 159 576 „Villa
178 527 411 584 recepisset,
436 526 647 567 lacrimoso
669 539 749 565 non
771 523 859 564 sine
881 522 1007 572 fumo,
1055 530 1057 532 ’
1246 523 1300 562 80

49 586 167 630 Udos
188 600 279 627 cum
302 584 408 626 foliis
430 598 560 625 ramos
583 590 726 623 urente
749 581 923 623 camino.-

50 643 240 694 Quatuor
261 642 355 684 hinc
376 641 555 697 rapimur
576 639 722 697 viginti
745 648 787 681 et
808 638 935 679 millia
956 636 1104 687 rhedis,

0 719 10 731 ¹
30 700 242 744 'Mansuri
263 699 472 756 oppidulo,
495 697 603 754 quod
626 713 744 738 versu
767 696 902 737 dicere
923 710 1004 736 non
1027 704 1101 745 est,

53 758 193 816 Signis
213 757 405 814 perfacile
428 765 511 798 est:
545 755 659 797 venit
680 754 872 796 vilissima
892 768 1028 794 rerum

53 816 138 859 Hic
157 825 285 872 aqua3
317 815 388 857 sed
410 814 526 870 panis
548 814 671 869 longe
693 811 1004 869 pulcherrimuS,
1029 810 1134 852 ultra
1250 813 1304 851 85

55 873 239 916 Callidus
260 880 305 914 ut
323 872 452 914 soleat
473 871 652 912 humeris
674 878 835 926 portare
856 869 1008 918 viator-3

53 931 163 974 Nam
188 930 341 973 Canusi
363 929 581 985 lapidosus,
604 943 723 984 aquae
745 942 824 968 non
848 926 970 968 ditior
990 925 1093 968 urna

53 989 143 1039 Qui
164 989 276 1030 locus
295 1003 319 1029 a
340 987 431 1028 forti
445 986 664 1028 ,Diomede
687 994 748 1027 est
769 984 957 1026 conditus
978 984 1088 1024 olim.

7 1052 10 1053 ⁷
59 1046 275 1088 Flentibus
296 1045 362 1087 hic
384 1044 533 1087 Varius
555 1043 729 1085 discedit
749 1051 913 1084 maestus
934 1041 1088 1082 amicis.

57 1103 161 1146 Inde
185 1103 329 1145 Rubos
349 1101 740 1158 fessipervenimus,
767 1109 908 1156 utpote
930 1099 1099 1155 longum
1257 1101 1310 1139 90

58 1161 286 1217 Carpentes
306 1160 397 1210 iter,
421 1169 463 1201 et
483 1161 633 1201 factum
657 1157 885 1214 corruptius
906 1157 1039 1198 imbri.

60 1219 230 1261 Postera
250 1225 472 1274 tempestas
493 1217 661 1265 melior3
694 1218 760 1257 via
780 1216 897 1271 pejor
918 1214 967 1256 ad
993 1229 1121 1270 usque

10 1289 16 1298 ·
59 1276 158 1318 Bari
180 1276 330 1318 moenia
350 1275 520 1331 piscosi:
547 1274 642 1315 dein
667 1273 833 1323 Gnatia,
858 1272 1060 1329 Lymphis

14 1363 33 1382 μ
60 1333 183 1376 Iratis
202 1342 420 1383 exstructa,
444 1332 556 1374 dedit
576 1332 762 1387 risusque
779 1332 992 1387 jocosque,

60 1390 176 1434 Dum
198 1390 360 1433 flamma
382 1390 469 1432 sine
492 1399 583 1432 tura
602 1389 828 1445 liquescere
851 1388 990 1428 limme
1013 1402 1125 1429 sacro
1262 1391 1314 1428 95

63 1449 317 1496 Persuadere
339 1448 464 1509 cupit.
529 1447 683 1494 Credat
702 1446 728 1488 J
734 1446 871 1487 udaeus
893 1446 1070 1501 Apella;

16 1515 23 1523 “
42 1506 158 1555 ,Non
181 1521 282 1563 ego:
315 1520 492 1561 namque
514 1505 611 1546 deos
633 1504 753 1546 didici
776 1518 964 1545 securum
985 1518 1110 1560 agere
1131 1517 1286 1552 aevum;

63 1563 169 1614 Nec,
191 1565 225 1606 si
247 1559 344 1620 quid
367 1563 459 1604 miri
481 1562 602 1604 faciat
624 1571 781 1611 natura,
804 1562 902 1602 deos
922 1560 964 1602 id

65 1621 224 1664 Tristes
245 1637 298 1663 ex
317 1621 400 1665 alto
421 1620 513 1662 coeli
536 1620 752 1661 demittere
774 1627 895 1661 tecto.

31 1697 40 1706 =
66 1678 342 1730 Brundusium
366 1678 501 1734 longae
522 1677 614 1719 finis
634 1677 866 1732 chartaeque
887 1676 1061 1732 viaeque.
1239 1678 1318 1717 100

569 1882 729 1910 SATlRA
762 1882 821 1909 Vl.

71 1962 181 2013 Non,
204 1961 313 2018 quia,
338 1961 562 2012 Maecenas,
587 1960 800 2017 Lydorum
822 1958 1021 2015 quidquid
1045 1958 1242 2000 Etruscos

71 2020 250 2062 Incoluit
271 2019 386 2068 fines,
410 2034 531 2060 nemo
551 2018 788 2074 generosior
808 2027 869 2058 est
890 2026 943 2066 te,
1024 2022 1028 2027 ’

73 2077 164 2120 Nec
185 2076 295 2134 quod
315 2091 415 2118 avus
436 2076 508 2117 tibi
530 2085 737 2118 maternus
757 2075 837 2116 fuit
855 2083 980 2130 atque
1001 2082 1210 2129 paternus,
1264 2083 1266 2086 ⁴

75 2134 188 2178 Olim
210 2135 281 2190 qui
303 2133 462 2191 magnis
483 2133 714 2189 legionibus
735 2132 1031 2188 imperitarent,

15 2246 20 2250 μ
74 2191 139 2236 Ut
158 2192 344 2248 plerique
365 2191 512 2240 solent,
535 2206 632 2232 naso
652 2190 866 2246 suspendis
887 2189 1046 2230 adunco
1301 2194 1326 2231 5

75 2249 96 2292 I
130 2258 260 2300 notos,
283 2256 330 2291 ut
349 2264 414 2290 me
436 2248 628 2290 libertino
650 2257 764 2303 patre
786 2256 940 2289 natum.

78 2265 187 2349 Lgnm
207 2307 358 2349 referre
380 2321 519 2362 negas,
543 2305 652 2362 quali
675 2305 728 2347 sit
747 2305 921 2360 quisque
943 2311 1113 2359 parente

79 2364 226 2420 Natus,
246 2364 341 2407 dum
363 2364 570 2421 ingenuus
583 2379 593 2413 3
625 2362 844 2420 persuades
864 2362 941 2404 hoc
962 2361 1035 2404 tibi
1056 2377 1164 2413 vere,
