1390 2586
124 106 203 149 113·
547 110 917 142 mrenpaemrto.
1258 114 1357 158 [sm

120 204 235 248 ὑπάτῃ
256 213 386 242 resonat,
412 208 443 237 id
465 213 520 243 est,
543 208 732 246 gravissima,
753 210 794 250 τῇ
817 208 1012 252 βαρυτάτῃς
1035 213 1126 243 modo
1141 213 1186 250 οἱ,
1210 223 1279 252 quae
1293 214 1356 246 imi

120 252 242 284 chorda,
260 251 302 291 τῇ
317 248 413 290 νήτῃ,
430 251 599 289 eademque
614 252 796 288 acutissima,
813 254 854 293 τῇ
869 251 1021 295 ὀξυτάτῃ,
1038 256 1179 285 resonat?
1205 257 1326 287 Gesner.

161 293 274 324 9—16.
301 293 388 332 [Nil]
410 294 417 308 ‘
434 293 519 322 Nihil
535 299 599 322 erat
621 294 770 331 aequabile
791 295 823 323 in
845 297 896 325 illo
917 297 1058 331 homine;
1081 297 1112 326 in
1137 298 1221 328 nulla
1245 309 1277 328 re
1299 298 1359 330 sibi

120 336 295 364 constabat!
309 333 458 374 -[velat
484 334 551 374 qni]
574 333 788 376 βραχυλογία
810 347 873 375 pro,
898 339 1006 377 ‘Saepe
1030 342 1180 375 currebat,
1197 342 1281 371 velut
1304 343 1357 380 qui

119 378 240 416 fugiens
270 379 388 406 bostem
419 384 563 415 curreret,
599 388 678 416 saepe
708 380 788 408 lente
826 380 995 416 incedebat,
1023 383 1107 412 velut
1143 383 1195 421 qui
1225 384 1357 415 sunonis

120 430 204 450 sacra
225 420 338 449 ferret.¹
353 436 394 441 -—
407 417 549 458 [Janom's
571 421 673 457 sacra]
701 421 849 460 Loquitur
870 424 907 452 de
926 421 1130 464 κανηφόροις,
1148 427 1234 463 ‘quae
1257 426 1356 456 mani-

120 464 177 492 bus
201 462 326 491 sublatis
351 472 435 491 sacra
462 463 595 502 reposita
620 463 651 491 in
678 465 826 502 capitibus
852 464 1062 495 ferebant.’——
1077 466 1275 507 [tetrarchas]
1301 478 1355 498 no-

121 515 191 534 rnen
216 505 387 542 principum
410 505 561 543 praecipue
579 506 784 543 Gallograeciae
810 513 841 536 et
857 507 1199 549 Judaeae.—[loquens]
1226 511 1278 540 ‘in
1305 519 1356 540 ore

121 548 237 576 babens
253 557 287 575 ac
301 548 404 576 dicens
421 557 452 576 se
468 557 573 576 eorum
589 547 793 577 familiaritate
810 549 864 584 uti,
891 550 946 579 sibi
964 551 1105 589 epistolas
1120 558 1150 581 et
1170 553 1251 582 dona
1266 554 1304 582 ab
1319 553 1357 583 iis

121 590 213 619 missa
229 590 314 619 esse.'
326 606 368 610 —
381 587 497 628 [mensa
512 588 620 629 tripes]
648 592 655 606 ⁸
669 591 808 629 delphica
823 592 962 630 simplex,
986 594 1083 631 qualis
1099 595 1185 624 decet
1200 594 1355 625 hominem

95 658 99 661 .
121 631 225 670 paucis
242 638 416 661 contentum
431 639 459 661 et
477 632 655 671 plerumque
671 634 767 662 solum
784 634 849 663 sine
861 634 994 664 convivis
1010 638 1251 666 coenantem.'—
1262 636 1355 676 [Con-¹

121 676 178 704 cha
191 675 263 704 salis
276 673 361 713 puri]
386 675 558 712 Opponitur
574 675 704 704 salinum
721 682 909 714 argenteum.
956 679 964 693 ‘
978 678 1174 716 Pauperiores
1190 679 1222 708 in
1238 679 1356 710 marina

121 717 237 746 conch-51
253 717 345 745 salem
363 717 466 746 tritum
485 717 596 746 habere
617 719 724 754 solent,
749 728 810 757 quo
831 729 899 748 cum
923 729 1002 758 pane
1025 721 1204 751 vescantur-‚⁹
1245 723 1354 760 Porph.

121 757 292 797 —crnssa]
316 761 454 798 pinguem
479 765 580 796 togam
607 760 747 790 similiter
773 761 918 790 dixerunt
945 763 1026 792 Suet.
1055 764 1120 792 Oct.
1148 764 1197 794 82.
1222 764 1355 794 Martial.

123 801 172 837 14,
208 802 277 835 143,
308 803 457 840 plebeiam
490 812 524 831 ac
547 801 694 831 vilem.——
715 801 838 842 [Decies
868 803 1007 843 centena]
1039 805 1124 834 milia
1154 807 1194 836 H.
1222 807 1252 836 S.
1297 807 1356 837 Est

121 844 207 882 quasi
235 845 438 883 proverbium,
464 850 497 873 ut
523 844 608 874 nobis
633 847 672 875 ‘a
697 847 844 876 thousand
862 846 1207 888 pounds.'—[quinque
1233 847 1352 889 diebus]

143 896 233 916 aucis.

120 897 139 926 p
164 929 298 959 20-24.
324 927 369 968 [et
383 927 514 967 fortasse
536 926 663 967 minora]
688 930 840 966 ‘Primus,
864 931 980 970 opinor,
998 932 1094 961 Aldus
1111 933 1269 963 Manutius
1291 933 1354 963 sin-

121 981 224 1001 cerum
249 981 298 1000 vas
320 972 487 1000 incrustare
507 972 609 1007 voluit,
633 978 663 1000 et
682 973 816 1011 reposuit
838 975 920 1003 haud
940 975 1075 1008 minora,-
1098 985 1188 1013 quem
1212 975 1355 1015 deinceps

121 1014 259 1054 plerique
275 1023 379 1043 omnes
396 1014 524 1043 nimium
541 1015 690 1052 patienter
705 1015 800 1044 secuti
815 1022 895 1045 sunt.
927 1017 1010 1048 Quid
1025 1017 1106 1046 enim
1121 1018 1132 1046 i
1156 1028 1195 1047 an
1210 1018 1354 1048 credibile

121 1063 167 1086 est
183 1057 239 1086 hoc
254 1057 368 1085 fassum
385 1066 449 1085 esse
469 1057 653 1085 Horatium?
678 1067 732 1086 sua
749 1057 821 1086 vitia
842 1068 903 1087 non
926 1059 1044 1088 minora
1065 1069 1130 1089 esse
1145 1060 1215 1096 illis,
1238 1071 1306 1099 quae
1321 1061 1354 1090 in

123 1099 253 1136 Tigellio
277 1105 338 1128 tam
364 1100 470 1128 acerbe
496 1099 841 1129 notaverat‘l-—Immo
862 1110 934 1130 vero
960 1102 1015 1130 sibi
1046 1102 1210 1131 mediocria
1234 1109 1355 1132 tantum

121 1142 195 1170 vitia
217 1151 282 1170 esse
305 1141 375 1170 alibi
398 1141 554 1178 gloriatur,
581 1151 640 1170 non
664 1142 842 1179 Tigellianis
867 1143 979 1172 similia
999 1140 1059 1173 Sa‘t.
1079 1144 1148 1179 l,4‚
1166 1145 1234 1175 130.
1258 1145 1287 1180 6,
1303 1145 1355 1175 65.

74 1211 78 1214 Α
121 1199 163 1206 -—
178 1186 303 1213 Summa
323 1184 478 1212 urbanitas
494 1184 584 1212 estin
601 1182 791 1221 V.fortasse,·
816 1185 901 1223 quasi
924 1195 983 1215 non
1007 1193 1197 1224 pugnaturus
1218 1187 1304 1222 foret,
1329 1186 1354 1217 si

121 1227 190 1265 quis
207 1227 252 1255 vel
276 1226 404 1264 aequalia
427 1235 491 1255 esse
516 1226 649 1255 diceret!
677 1226 1005 1267 Bentl.—[Maenius]
1031 1229 1091 1258 Sat.
1112 1229 1137 1262 1.
1164 1229 1190 1263 l,
1207 1229 1277 1264 101,
1294 1230 1355 1259 Νο-

120 1271 194 1305 vius,
225 1269 316 1297 homo
338 1269 468 1306 ignotus.
525 1269 690 1298 Sententiae
713 1268 757 1298 sic
778 1270 932 1299 coboerent
954 1280 1022 1300 cum
1049 1272 1199 1309 praecedd.
1232 1275 1239 1288 ⁸
1254 1274 1356 1310 Atque

121 1312 179 1341 hoc
195 1321 248 1350 pro
264 1318 345 1340 certo
361 1311 512 1340 affirmare
527 1321 660 1350 possum,
678 1321 724 1340 me
740 1317 802 1340 tam
823 1313 950 1342 stultum
966 1319 996 1342 et
1010 1313 1183 1352 improbum
1202 1323 1263 1344 non
1279 1324 1355 1352 esse,

121 1364 213 1392 quam
231 1354 287 1382 fuit
305 1354 436 1382 Maeuius
452 1353 512 1388 ille,
534 1359 567 1382 ut
582 1363 703 1391 carpam
720 1356 859 1384 absentes
875 1355 996 1391 amicos,
1021 1356 1095 1385 mihi
1117 1356 1271 1394 ignoscam
1287 1356 1354 1386 cet.‘

120 1413 163 1418 —
178 1394 267 1436 [dare
282 1393 385 1434 verba]
410 1405 464 1434 pro
486 1397 583 1430 rebus(
607 1396 639 1424 id
661 1401 715 1432 est,
732 1398 739 1411 ‘
752 1397 901 1435 decipere,
925 1397 1163 1428 circumvenire!
1175 1415 1213 1420 ——
1231 1397 1354 1439 [impro-

123 1437 191 1477 bus]
217 1441 224 1454 ‘
239 1438 360 1474 nimius,
376 1439 500 1466 modum
518 1439 606 1475 longe
622 1440 782 1475 excedens,
799 1439 929 1477 ideoque
945 1441 1124 1478 perversus.’

164 1481 298 1516 25—27.
324 1479 511 1519 [pervideas]
529 1481 687 1510 Pervidere
702 1491 775 1510 sane
790 1481 950 1519 significat,
967 1487 1001 1511 ut
1015 1483 1057 1511 ait
1072 1483 1237 1520 Bendeius,
1251 1483 1356 1514 ‘acute

120 1529 152 1554 et
173 1524 331 1562 perspicue
353 1528 383 1552 et
404 1523 525 1561 penitus
540 1533 603 1552 rem
620 1523 723 1552 videre
735 1524 753 1557 ς’
776 1524 828 1553 sed
849 1525 1000 1562 quomodo
1021 1525 1081 1561 ille,
1104 1535 1235 1564 quocum
1257 1526 1358 1564 loqui-

121 1574 171 1596 tur
186 1572 284 1604 poeta,
305 1575 360 1594 sua
375 1565 448 1595 vitia
461 1566 622 1603 pervidet?
646 1566 799 1595 Nimirum
820 1566 919 1604 lippus
943 1572 973 1596 et
996 1574 1155 1606 propterea
1177 1568 1270 1598 oculis
1293 1569 1356 1598 col-

120 1609 200 1646 lyrio
216 1609 368 1639 inunctis:
393 1609 423 1636 id
447 1609 527 1645 qnod
552 1608 610 1636 huc
633 1608 730 1642 redit;
756 1609 882 1646 ‘parum
906 1609 1064 1647 pervidet!
1079 1608 1354 1650 --[Ep1'daurius]

121 1652 252 1681 Pausan.
282 1651 312 1685 2,
343 1651 395 1685 28,
428 1647 733 1688 Δράκοντες-καὶ
759 1647 868 1690 ἕτερον
897 1648 995 1690 γένος
1022 1651 1055 1687 ἐς
1083 1651 1120 1682 τὸ
1151 1651 1357 1691 ξανθότερον

121 1690 280 1734 ῥέποντες
309 1691 411 1732 χρόας
439 1690 515 1734 ἱεροὶ
542 1691 603 1731 μὲν
640 1693 697 1722 τοῦ
733 1690 938 1729 Ἀσκληπιοῦ
968 1694 1159 1735 νομίζονται
1189 1694 1242 1725 καὶ
1271 1693 1354 1725 εἰσὶν

120 1734 315 1774 ἀνθρώποις
338 1734 457 1774 ἣμεροι,
487 1732 588 1775 τρέφει
615 1732 647 1764 δὲ
672 1732 759 1775 μόνη
787 1737 871 1776 σφᾶς
896 1733 916 1772 ἡ
941 1737 1008 1765 τῶν
1033 1734 1254 1777 Ἐπιδαυρίων
1278 1738 1332 1777 γῆ.

163 1779 213 1813 29,
228 1778 278 1807 30.
304 1776 418 1816 [acutis
434 1778 569 1806 Naribus
583 1779 683 1806 horum
697 1776 860 1816 hominum]
886 1788 966 1808 nunc
985 1779 1163 1815 viventium,
1186 1780 1239 1818 qui
1262 1780 1353 1810 levis·-

120 1820 198 1850 sima
223 1829 353 1858 quaeque
379 1820 451 1848 vitia
473 1820 503 1848 in
531 1819 598 1849 aliis
621 1819 763 1849 facillime
786 1821 962 1856 odorantur,
985 1822 1135 1858 derident,
1158 1823 1352 1862 vituperant3

121 1863 232 1892 talibus
255 1862 348 1900 igitur
373 1862 464 1890 homo
486 1863 616 1900 simplex
639 1872 673 1892 ac
696 1863 899 1900 negligentior
920 1873 1028 1902 parum
1051 1865 1203 1901 convenit,
1219 1874 1354 1904 persaepe

119 1905 365 1945 reprehensionis
380 1914 484 1933 ansam
501 1906 624 1942 praebet.

162 1947 297 1982 31-37.
322 1944 507 1986 [Rustic-ius]
519 1948 616 1985 junge
632 1956 699 1975 cum
716 1956 742 1976 v.
755 1951 835 1977 tonso
851 1947 1203 1989 ‹mmmmm—[defluit]
1227 1949 1353 1989 ‘parum

120 1997 191 2028 apte
227 1990 395 2027 composita
431 1987 637 2028 est.'—[male
673 1988 776 2028 laxus]
816 1991 898 2019 ‘non
935 1991 1007 2020 satis
1036 1998 1125 2029 aptus
1153 1993 1192 2021 ad
1221 1992 1354 2030 pedem·’

122 2033 277 2070 Theophr.
293 2033 382 2061 Char.
401 2031 428 2064 4,
446 2030 596 2071 ἄγροικος
620 2030 767 2067 τοιοῦτός
790 2042 847 2067 τις,
871 2030 938 2069 οἶος
953 2055 962 2063 .
977 2055 984 2062 .
1000 2032 1095 2074 μείζω
1118 2034 1176 2064 τοῦ
1199 2033 1300 2070 ποδὸς
1314 2033 1355 2064 τὰ

120 2072 319 2115 ὑποδῆματα
335 2072 589 2115 φορεῖν-[ἠῶ]
610 2076 757 2112 ‘quocum
773 2085 852 2104 nunc
867 2075 967 2114 ipsum
982 2075 1158 2114 colloquor)
1203 2074 1353 2116 [Inculto]

120 2118 158 2146 de
174 2118 287 2146 amictu
305 2118 450 2154 neglecto.
470 2115 512 2156 (v.
529 2117 597 2154 31.)
644 2115 806 2156 [Cunctae]
830 2117 965 2155 imagine
989 2119 1150 2157 desumpta
1171 2120 1209 2148 ab
1232 2129 1279 2155 eo,
1301 2119 1355 2158 qui

119 2159 218 2188 furem
248 2159 391 2188 concutit.
438 2159 473 2188 In
499 2160 590 2197 prosa
615 2168 658 2188 or.
686 2159 875 2197 frequentius
902 2161 1084 2190 ‘excutere'
1110 2170 1165 2200 pro
1191 2161 1355 2200 diligenter

119 2200 484 2240 explorare—[urenda]
512 2203 519 2216 ‘
532 2211 599 2239 quae
615 2202 703 2231 aliter
716 2211 807 2240 quam
823 2202 894 2240 igne
910 2202 1072 2242 exstirpari
1087 2203 1213 2241 nequit!

162 2244 295 2274 38-42,
330 2242 425 2283 [Illuc
450 2241 684 2284 pravereamur]
722 2245 754 2273 Si
783 2245 924 2274 volumus
954 2254 991 2274 ex
1022 2254 1110 2283 aequo
1143 2247 1283 2284 bonoque
1313 2246 1350 2276 de

118 2286 384 2324 amicisjudicare,
402 2293 472 2315 ante
496 2286 599 2315 omnia
621 2287 659 2315 ad
684 2286 760 2315 illud
784 2287 957 2325 exemplum
981 2297 1035 2316 nos
1055 2294 1276 2324 convertamus,
1291 2299 1352 2328 quo

122 2329 213 2359 modo
229 2329 265 2357 de
280 2329 447 2358 amicarum
471 2329 564 2359 naevis
587 2335 747 2365 amatores,
763 2329 801 2359 de
817 2329 947 2359 liberum
964 2329 1045 2359 vitiis
1058 2336 1200 2370 parentes
1210 2331 1352 2370 judicare
