1390 2586
60 96 143 124 ,zm
160 98 199 123 11.
216 87 263 132 2]
503 87 879 119 mre-nmmum,
1252 86 1327 128 151

73 192 179 224 abtim
192 200 289 232 quum
307 187 481 229 capiuntur,
499 189 621 220 hiant.”
641 190 736 220 Schol.
768 187 884 224 Etiam,
905 192 993 227 puto,
1007 186 1040 217 in
1055 187 1170 217 mensis
1185 188 1328 227 appositi.

73 231 290 277 —Uactatud
313 233 486 264 Columella
502 233 550 270 12,
571 232 620 269 16,
636 234 736 263 Docta
750 237 781 263 et
801 232 922 262 erudita
935 233 1043 271 palata
1055 229 1205 270 fastidire
1227 233 1330 262 docuit

71 277 280 320 (Phiiippus),
295 277 450 316 fiuvialem
472 278 584 316 lupum,
606 278 667 307 nisi
686 286 771 316 quem
789 275 909 306 Tiberis
923 276 1048 306 adverso
1069 279 1199 305 torrente
1214 273 1330 314 defati-

70 326 238 364 gasnt—
249 317 373 360 [Tusci]
398 320 452 359 qui
469 319 500 349 in
518 320 647 350 Etruria
662 320 769 350 oritur.

114 363 250 396 84—36„
275 361 440 404 [Mullum]
463 364 577 394 mullet.
616 363 693 393 Plin.
713 363 752 392 Η.
771 362 808 392 Ν.
826 362 856 396 9,
878 361 930 397 30,
957 362 1007 391 Ea:
1030 363 1150 402 reliqua
1170 362 1328 392 nobilitate

72 405 159 449 (pout
171 406 306 446 ecorum)
318 409 425 447 gratia
439 409 570 437 maxima
583 411 628 437 est
642 410 673 437 et
687 407 773 445 copia
793 405 903 441 mullis,
917 406 997 434 sicut
1011 405 1187 443 magnitudo
1202 401 1328 443 modica,

73 452 214 492 Unaque
235 451 330 481 librae
353 451 496 490 ponderis
520 461 591 480 raro
619 450 776 480 admodum
804 452 1048 488 exsuperant.—-
1062 446 1248 488 [pulmenta]
1274 448 1328 478 ‘in

70 494 176 535 plures
197 494 354 534 portiones
377 493 521 532 disseces,
544 503 621 532 quas
647 493 778 531 singulis
801 492 833 521 in
858 491 996 521 lancibus
1020 493 1130 521 eadem
1152 493 1242 522 coena
1267 492 1328 521 tuis

68 535 206 569 convivis
221 537 378 576 apponas'
388 553 430 558 —
442 535 570 577 [Ducit]
597 537 716 566 ‘movet
731 542 824 575 atque
840 535 945 570 allicit,
960 541 995 564 ut
1010 535 1077 564 fieri
1090 535 1188 565 solet.’
1200 551 1242 557 ——
1254 533 1328 576 [quo

69 582 183 655 ‘veruna‘
186 578 215 621 t]
245 581 327 611 ‘Cur
347 590 421 619 ergo
442 579 690 619 magnitudinem
713 579 821 609 laudas
842 578 874 608 in
894 579 991 608 mullo
1014 584 1045 608 et
1067 579 1270 617 reprehendis
1292 579 1325 609 in

81 623 165 664 apo?
210 624 294 657 Quia
315 624 432 654 scilicet
453 624 486 653 in
507 630 638 662 utroque
658 628 688 652 te
713 623 855 660 delectat,
880 623 962 660 quod
987 627 1035 652 est
1059 622 1177 652 rarius!
1217 623 1326 652 Comm.

68 667 161 708 οης.
176 683 220 689 —-
236 665 332 708 [iuti]
370 668 411 698 ad
445 667 570 707 propius
599 667 703 696 vocab.
734 667 819 706 lupos
852 665 993 702 refertur,
1027 667 1074 695 lais
1107 666 1148 695 ad
1178 666 1327 696 remotius

64 711 198 742 nullan».
346 738 348 740 ,

109 753 249 785 38-40,
273 752 434 794 [Jejunus]
459 754 632 789 Construe5
656 753 831 783 Stomachus
846 750 1051 792 rarojejunus
1068 750 1206 791 (semper
1221 750 1323 791 satur)

64 798 227 828 materani!
241 799 321 828 cibos
331 798 478 837 vulgares.
487 813 530 818 —
541 794 749 836 [Por-rectum]
775 795 886 829 Quivis
898 796 1062 835 supplebat
1077 797 1208 826 mullum.
1233 796 1324 826 Cete-

66 849 138 872 rum
157 841 297 871 consulto
312 847 444 880 quatuor
466 840 610 879 spondeis
631 850 704 869 usus
721 846 776 875 est,
800 845 834 869 ut
850 839 942 878 piscis
957 845 1138 878 exoptatum
1155 840 1277 878 pondus
1292 845 1324 869 et

66 884 314 923 magnitudinem
334 884 529 923 exprimeret.
541 899 585 904 —
599 881 746 923 [Vellem]
770 880 963 923 ἐβουλόμην
984 881 1038 918 ἂν,
1055 893 1116 912 non
1132 880 1324 924 βουλοίμην

66 925 122 958 ἄν.
168 929 177 944 ‘
189 927 317 964 Vellem,
339 928 365 958 si
381 927 448 957 fieri
462 932 574 967 posset,
592 927 648 956 sed
663 926 715 956 vix
732 926 805 956 fiet.'
853 926 1028 956 Heindorfii
1043 927 1130 956 velim
1152 932 1233 956 esset
1252 936 1323 966 spe—

66 970 174 1001 nntiu-

109 1013 245 1044 41-44
271 1011 458 1053 [Praesentes
472 1011 586 1053 austri]
612 1014 621 1030 ‘
635 1013 696 1043 Sed
719 1012 827 1052 utique
850 1011 1001 1042 heluones
1025 1011 1075 1042 isti
1095 1012 1175 1042 hanc
1196 1022 1323 1052 poenam

64 1062 234 1094 merentur,
257 1063 292 1087 ut
308 1057 413 1087 Austri
434 1057 516 1088 calor
542 1055 726 1096 putrefaciat
748 1056 899 1095 pretiosos
920 1066 1027 1085 eorum
1044 1055 1147 1085 cibos.’
1160 1072 1203 1077 —
1216 1054 1321 1095 [Prae-

63 1099 177 1141 unm]
202 1102 210 1116 ‘
221 1100 309 1140 quasi
325 1100 454 1130 numina
474 1110 600 1130 omnem
623 1109 711 1130 suam
727 1100 790 1129 vim
807 1100 1004 1129 exserentes)
1017 1116 1060 1120 —
1074 1097 1199 1139 [Putet]
1225 1101 1234 1115 ‘
1246 1109 1320 1129 con-

63 1143 215 1174 temnitur
229 1149 262 1174 et
276 1144 311 1174 fit
323 1143 412 1174 vilis?
436 1144 532 1175 Schol.
542 1159 585 1165 —
597 1141 766 1183 [rhombus]
783 1140 910 1183 ψῆττα,
928 1144 1038 1173 turbat.
1050 1159 1093 1164 —
1107 1140 1203 1182 [mala
1218 1141 1320 1184 copia]

65 1187 188 1226 ‘pr-ava,
203 1197 273 1226 quae
289 1186 370 1223 facit,
383 1193 418 1217 ut
433 1187 590 1217 stomacho
606 1187 848 1217 laboremus.'-—
861 1184 1010 1226 [quando]
1036 1187 1044 1202 ¹
1055 1186 1320 1224 quandoquidem,

63 1230 211 1269 quoniam
220 1230 238 1266 3'
255 1240 327 1260 nam
338 1236 459 1270 tempus
471 1230 663 1269 significatur
672 1230 777 1260 statim
786 1235 864 1270 part.
874 1240 972 1270 quum.
980 1247 1022 1252 —
1034 1227 1165 1270 [inulas]
1181 1227 1320 1265 ἑλένιον,

63 1274 260 1313 elecampane.
306 1274 325 1289 ‘⁴
339 1273 410 1303 Non
426 1275 510 1313 quod
524 1274 631 1304 acida
645 1278 692 1303 est
706 1273 772 1303 haec
786 1273 892 1308 herba,
913 1274 966 1302 sed
983 1274 1076 1311 quod,
1097 1283 1195 1312 quum
1210 1273 1318 1313 coqui-

63 1321 125 1352 tur,
140 1324 228 1347 aceto
241 1316 416 1347 conditur.’'
438 1318 512 1347 Aer.
545 1317 677 1347 Amaras
692 1322 779 1347 vocat
794 1317 857 1346 Sat.
873 1317 903 1352 2,
919 1316 950 1354 8,
964 1316 1016 1346 51.

107 1359 245 1391 45-49.
271 1357 469 1400 [Paupertes]
501 1360 718 1399 ‘Quamquam
742 1359 802 1390 cibi
827 1360 984 1389 naturales
1013 1365 1045 1389 et
1073 1358 1228 1398 simplices
1254 1369 1318 1390 non

62 1411 189 1442 prorsus
211 1403 363 1433 removeri
389 1409 558 1442 potuerunt
581 1413 599 1433 a
625 1403 757 1433 divitum
783 1403 905 1442 epulis;
935 1413 1007 1432 nam
1030 1402 1096 1432 ovis
1122 1408 1215 1441 atque
1242 1403 1318 1433 oleis

63 1445 158 1476 etiem
172 1456 256 1476 nunc
276 1451 408 1476 utuntur
427 1456 585 1477 coenarum
607 1446 718 1476 initio.’
730 1462 774 1468 —
787 1444 899 1486 [Haud
921 1448 966 1476 ita
986 1445 1120 1486 pridem]
1146 1450 1153 1462 ‘
1167 1447 1319 1477 Praeterea

62 1490 162 1520 variat
175 1499 298 1529 semper
312 1491 475 1520 lurconum
491 1491 529 1520 de
544 1490 619 1520 cibis
634 1490 776 1529 pretiosis
786 1490 960 1529 judicium:
984 1490 1028 1519 sic
1047 1489 1207 1528 acipenser
1225 1488 1319 1529 (stur-

58 1531 150 1574 μου)
165 1534 249 1573 apud
261 1535 399 1574 antiquos
411 1535 540 1574 piscium
555 1534 754 1564 nobilissimus
770 1531 866 1574 (Plin.
884 1534 914 1570 9,
931 1531 998 1571 26‚)
1010 1534 1076 1572 jam
1093 1533 1317 1569 contemnitur3

61 1581 169 1606 eontra
182 1577 320 1607 rhombus
331 1577 411 1615 (Sat.
427 1577 454 1614 1,
466 1578 495 1613 2,
511 1576 599 1615 llG‚)
616 1583 682 1606 tum
698 1575 856 1616 neglectus
872 1587 954 1606 nunc
970 1577 1139 1615 quaeritur!
1150 1593 1191 1598 -
1204 1575 1319 1616 [Haud

60 1618 252 1660 ὕαρνίάιηι]
277 1622 286 1636 ‘
303 1620 412 1650 Lucilii
437 1626 586 1660 tempore,
606 1619 728 1650 circiter
749 1626 822 1650 ante
842 1621 898 1650 hos
916 1628 1018 1650 LXXX,
1034 1621 1207 1650 annos.'—
1221 1618 1316 1660 [Gal-

61 1660 140 1702 Iom']
157 1665 176 1679 ‘⁴
189 1663 351 1693 Gallonius
367 1674 467 1703 praeco
481 1664 599 1703 primus
614 1664 826 1703 acipenserem
841 1674 904 1693 suae
919 1673 1034 1693 mensae
1050 1664 1204 1703 apposuit,
1219 1674 1315 1703 quare

60 1706 129 1745 ejus
150 1706 242 1736 luxus
257 1707 350 1736 etiam
370 1717 389 1736 a
407 1707 526 1737 Lucilio
549 1707 704 1737 taxatur.”
730 1708 838 1737 Comm.
862 1707 954 1747 Cruq.
1001 1707 1112 1736 Lucilii
1130 1717 1234 1737 versus
1249 1717 1314 1738 ser-

60 1748 146 1779 vavit
158 1749 222 1780 eie.
233 1750 273 1780 de
290 1750 382 1780 Finn.
399 1751 430 1786 2,
445 1750 475 1780 8.
485 1767 526 1772 -
538 1749 701 1790 [praeconis
714 1749 798 1790 erat]
822 1755 889 1781 erat
903 1751 931 1780 vi
948 1760 1072 1780 caesurae
1089 1751 1230 1780 ultimam
1246 1751 1318 1791 syll-

82 1792 214 1822 reducit.

59 1801 82 1832 Ρ
103 1835 242 1866 50—52.
268 1833 619 1877 [auctor—praetorius]
638 1837 815 1867 Scholiastae
829 1837 1145 1873 narrant‚“Asinium
1157 1837 1316 1876 quendam

59 1878 110 1908 vel
125 1879 343 1918 Sempronium
356 1879 474 1909 Rufum
489 1881 667 1919 praetorium
684 1881 864 1917 instituisse,
879 1887 912 1910 ut
928 1881 1116 1910 ciconiarum
1133 1881 1209 1919 pulli
1224 1891 1314 1910 man-

60 1921 266 1956 ducarentur3
283 1932 388 1961 quare,
401 1923 557 1962 inquiunt,
568 1933 664 1962 quum
676 1924 708 1953 in
723 1925 858 1962 praetura
870 1925 1005 1963 petenda
1018 1925 1171 1963 repulsam
1186 1924 1316 1961 tulisset,

61 1963 124 1994 tale
138 1965 331 2004 epigramma
347 1966 477 2001 meruit3
501 1967 690 1997 Ciconiarum
705 1965 805 2007 Rufus
828 1969 884 1998 iste
901 1969 1036 1997 conditor
1052 1968 1114 1997 Hic
1135 1971 1179 1997 est
1200 1969 1316 1998 duobus

59 2008 228 2048 elegantior
242 2009 386 2044 Planci⁸,·
410 2010 628 2050 Suffragiorum
643 2016 759 2050 puncta
783 2021 839 2041 non
861 2012 933 2041 tulit
956 2015 1076 2050 septem.
1124 2011 1315 2042 Ciconiarum

56 2052 186 2093 populus
207 2052 289 2081 uleus
312 2057 356 2082 eet
378 2053 531 2083 mortem.”
575 2053 669 2087 Quod
692 2054 718 2083 si
742 2064 774 2084 re
790 2055 864 2084 vera
886 2059 1030 2093 praeturae
1052 2055 1208 2093 repulsam
1233 2055 1314 2091 tulit,

59 2090 130 2125 βαι)
146 2091 316 2136 εἰρωνείαν
326 2097 488 2135 praetorius
501 2096 615 2126 dicitur
629 2097 660 2127 h.
672 2098 692 2126 l.
704 2097 812 2127 infelix
828 2105 970 2136 praeturae
987 2095 1313 2139 penten—[mergos]

58 2139 204 2178 :ea-guli,
231 2140 327 2177 ‘quos
351 2147 476 2178 propter
500 2139 695 2170 durissimam
720 2151 845 2172 carnem
870 2147 899 2170 et
923 2141 1084 2170 rancidum
1107 2151 1144 2170 ex
1168 2141 1312 2180 piscibus,

17 2190 28 2213 ,·
50 2180 173 2220 quibus
195 2187 373 2218 vescuntur,
395 2192 548 2222 saporem,
575 2192 658 2213 nunc
687 2193 779 2214 nemo
805 2182 1120 2224 edit.’-—[edioeeric]
1153 2190 1313 2224 tamquam

124 2228 182 2254 tor.

50 2230 239 2307 ’ῥμῖῧ-ὖθ.
265 2265 444 2309 [Sordidus]
470 2270 488 2284 '‘
502 2269 623 2299 Eadem
645 2270 708 2308 qua
724 2270 825 2301 Graeci
848 2271 990 2300 libertate
1005 2275 1103 2310 poetae
1121 2271 1224 2301 Latini
1248 2271 1312 2310 pri-

48 2310 158 2341 urio
179 2311 299 2341 nomini
322 2311 451 2342 formam
473 2313 647 2343 secundarii
675 2314 810 2344 reddunt
837 2314 950 2353 partim
976 2314 1065 2344 metri
1092 2323 1175 2353 erg0‚
1199 2314 1312 2354 partim

60 2351 216 2385 ”dandoe
236 2355 492 2386 constructionis:
518 2356 606 2386 Lucr.
635 2356 760 2430 1,Η825,
782 2359 827 2388 sic
851 2358 921 2388 aliis
943 2358 1014 2388 aliae
1036 2359 1124 2389 rebus
1143 2363 1312 2389 vertuntur.
