1390 2586
130 81 210 122 180
557 81 927 113 INTERPRETATIO.
1268 84 1358 126 [υτ.

126 189 197 209 011111
218 185 285 210 0010
306 179 373 209 aliis
392 179 486 209 servis
502 178 562 218 (tot
583 180 677 218 igitur
698 186 786 210 erant
806 181 838 210 in
860 181 979 210 Horatii
997 180 1114 211 familia
1125 180 1278 221 rustica„
1301 184 1360 216 eris

125 222 220 251 fossor
235 232 269 251 ac
284 223 498 261 caprimulgus,
512 228 542 252 et
556 232 624 260 quae
639 233 731 261 poena
750 229 810 252 tuae
832 223 1035 273 protervitatis
1049 225 1117 260 erit,
1132 224 1216 254 urbis
1231 226 1358 256 3111ωηί-

125 264 262 294 tatibus
255 275 285 293 111
302 270 482 303 perpetuum
497 266 644 300 carebisg’
667 265 763 294 solitae
777 265 968 295 dominorum
985 266 1359 300 minae.Plaut.Moste1l.

119 306 157 387 ἃ,
171 306 198 342 1,
214 307 261 342 17,
271 309 314 337 cis
329 308 425 337 hercle
437 317 550 346 paucas
565 311 760 346 tempestates,
780 308 900 344 Tranio,
913 309 1047 348 Augebis
1059 310 1126 338 ruri
1141 319 1260 340 numero
1267 320 1359 350 genua

142 350 274 379 erratile.

569 461 726 491 SATIRA
749 462 839 492 vm.

173 563 311 592 Ancum.
336 562 494 592 Nasidieni
517 573 635 593 coenam
658 568 761 593 narrat
778 563 906 593 Horatio
922 564 1111 596 Fundanius.
1154 565 1236 595 Illud
1258 570 1360 597 autem

131 605 269 642 quamvis
284 615 403 635 summo
419 606 519 635 studio
535 611 638 644 ageret
653 606 743 645 hujus
762 607 891 635 convivii
911 607 1061 643 dominus,
1081 613 1114 638 ut
1133 617 1234 638 coram
1251 609 1360 638 Μαθε-

131 652 212 682 nate,
235 647 267 676 111
291 649 376 686 cujus
399 649 546 677 honorem
570 649 708 684 dabatur,
734 648 853 678 divitias
878 659 957 685 suas,
982 650 1240 688 magnificentiam
1269 657 1359 689 atque

131 689 254 726 elegans
269 690 420 728 judicium
443 696 616 726 ostentaret,
633 697 733 720 tamen
754 701 877 728 operam
898 697 959 720 tam
980 692 1089 722 misere
1104 693 1246 731 perdidit,
1262 699 1295 722 ut
1309 693 1360 723 vix

131 731 319 780 quidquam
311 733 454 780 ineptius,
467 733 624 771 agrestius,
642 733 738 771 magis
754 733 915 763 ridiculum
927 734 1051 770 cogitari
1067 740 1177 773 posset,
1190 744 1282 774 quam
1296 734 1360 766 11ωο

131 773 196 812 ipsa
209 784 295 803 coena
309 781 339 803 et
355 775 407 813 qui
422 785 489 804 eam
505 776 634 814 praebuit
651 775 846 813 Nasidienus,
860 785 897 805 ex
921 776 1027 806 infima
1049 777 1181 815 fortuna,
1203 783 1238 807 ut
1258 777 1361 808 omnia
1373 786 1380 797 ⁴

131 822 274 854 arguunt,
290 817 422 855 locuples
438 818 550 852 factus,
574 818 675 856 homo,
690 823 723 847 ut
739 818 902 847 Wielandii
920 819 1018 848 verbis
1041 825 1170 855 utamur,
1186 829 1275 849 avare
1289 829 1359 858 pro-
1374 847 1376 849 ,

131 858 231 895 digus,
247 861 374 897 superbe
389 860 568 898 submissus,
582 868 757 898 arroganter
776 861 927 895 credulus,
949 861 1131 899 elegantiam
1153 867 1184 891 et
1206 862 1360 892 urbanita·
1378 875 1379 879 ¹

131 906 194 930 tem
218 901 343 931 ridicule
366 903 519 938 affectans,
541 903 593 932 sed
616 903 697 931 idem
719 902 850 941 ineptus,
873 903 956 932 taedii
979 905 1096 942 plenus,
1117 904 1255 939 stolidus,
1277 904 1377 943 omni,

131 952 222 972 sensu
245 945 408 979 communi,
431 945 601 974 liberaliore
623 945 800 974 educatione
820 955 854 975 ac
870 946 939 975 vitas
955 955 1010 975 usu
1027 947 1199 976 destitutus.
1244 946 1382 987 Scripta

132 990 177 1014 est
194 986 292 1015 Satira
307 987 426 1016 circiter
442 995 472 1016 Α.
483 996 513 1016 u.
521 995 548 1017 c.
566 987 740 1022 724—726.
1370 1006 1378 1019 T

178 1028 204 1058 l.
229 1026 307 1067 [Ut]
331 1029 362 1058 in
378 1029 613 1067 interrogatione
629 1029 760 1063 direct&
782 1029 874 1059 etiam
889 1030 967 1068 Epp.
988 1030 1060 1064 l,3.
1080 1030 1128 1067 12,
1151 1031 1191 1060 Ut
1205 1032 1308 1061 valet?
1328 1034 1375 1061 ut*

131 1072 262 1100 meminit
283 1073 375 1100 nostri
385 1073 400 1101 ?
411 1088 454 1092 —
467 1069 657 1110 [Nasidieni]
683 1072 848 1101 Pronuntia
863 1078 991 1110 quatuor
1007 1072 1130 1110 syllabis
1146 1073 1231 1111 quasi
1247 1074 1385 1111 Nasidar„

124 1111 200 1152 jeni.
235 1113 296 1142 Cfr.
313 1123 337 1142 v.
355 1113 395 1148 75
411 1119 441 1143 et
457 1114 505 1143 84.
538 1114 722 1143 Nasidienus
736 1114 843 1150 Rufus,
861 1114 1390 1154 105111108801101135118,1011001103,

134 1155 302 1193 Romanus,
321 1155 444 1184 fortasse
465 1157 652 1194 publicanus,
673 1162 708 1185 ut
724 1156 847 1186 Porcius
863 1155 906 1195 (v.
922 1155 990 1195 23),
1005 1157 1053 1186 cui
1069 1157 1152 1186 utilis
1166 1167 1231 1187 esse
1245 1162 1378 1196 poterat.

132 1196 164 1226 in
180 1197 226 1226 his
243 1198 338 1227 illisve
355 1198 483 1235 negotiis
496 1199 675 1236 adjuvandis
689 1198 762 1228 etin
774 1199 980 1228 conducendis
993 1199 1187 1237 vectigalibus
1201 1200 1361 1237 Maecenas,

133 1249 224 1277 quem
240 1246 398 1279 propterea
414 1239 508 1276 lauto,
525 1247 557 1270 ut
573 1241 764 1278 opinabatur,
781 1241 918 1270 convivio
933 1242 1060 1279 excepit.
1076 1257 1119 1262 —
1133 1240 1246 1281 [beati]
1265 1242 1362 1271 ‘divi—-

132 1282 192 1317 tis,'
216 1288 249 1311 ut
270 1283 327 1312 Od.
351 1283 381 1317 3,
402 1282 431 1318 7,
454 1283 482 1313 3.
527 1283 574 1312 De
598 1282 739 1318 Calvisio,
761 1283 885 1312 homine
909 1283 1067 1313 Nasidieni
1088 1293 1234 1322 perquam
1257 1284 1359 1321 simili,

132 1325 247 1354 Seneca
264 1325 340 1363 Epp.
360 1325 410 1359 27.
427 1326 586 1364 Nunquam
600 1327 662 1355 vidi
676 1327 815 1355 hominem
832 1327 947 1356 beatum
961 1327 1152 1356 indecentius.

175 1367 266 1396 2—6.
292 1365 422 1406 [dictus]
447 1377 485 1396 ex
506 1378 644 1397 sermone
667 1368 844 1406 quotidiano
865 1377 919 1406 pro
941 1369 1039 1398 dictus
1060 1379 1098 1399 es.
1113 1385 1156 1389 —
1171 1366 1236 1408 [De
1250 1367 1363 1408 medio]

132 1419 226 1447 quum
243 1410 330 1438 solita
345 1419 439 1438 coenae
455 1410 529 1439 11013
545 1415 625 1439 esset
640 1419 728 1440 nona.
774 1411 869 1439 Plaut.
890 1411 974 1439 Asin.
988 1411 1016 1444 4,
1029 1411 1058 1446 2,
1074 1410 1121 1444 16,
1137 1412 1173 1440 de
1187 1412 1235 1440 die
1248 1415 1360 1450 potare,

132 1456 163 1480 et
179 1452 278 1481 Graeci
294 1449 348 1492 ἀφ’
365 1449 484 1492 ἡμέρας
500 1451 620 1487 πίνειν,
635 1452 707 1481 inde
720 1462 736 1482 a
752 1453 837 1481 sexta
853 1453 900 1481 vel
914 1452 1052 1491 septima.
1086 1453 1178 1483 Jam'
1170 1462 1202 1482 111
1218 1454 1275 1482 1100
1289 1453 1360 1482 infl-

132 1499 198 1523 ceta
214 1494 371 1523 Nasidieni
394 1495 528 1523 luxuries
550 1495 693 1530 cernitur,
708 1494 787 1532 quod
809 1495 847 1523 ad
867 1494 1079 1532 tempestivum
1096 1495 1266 1524 convivium
1281 1495 1360 1524 invi-

131 1541 210 1565 tarat
227 1537 435 1567 Maecenatem.
451 1553 493 1557 —
506 1535 589 1576 [Da]
607 1537 734 1566 Videtur
749 1537 860 1565 referre
876 1546 1045 1566 sermonem
1061 1537 1283 1575 quotidianum.
1298 1537 1360 1567 Cfr.

132 1588 159 1607 v.
176 1579 234 1608 80:
257 1580 310 1608 illa
333 1579 444 1608 Redde.
490 1579 574 1616 Virg.
599 1579 662 1608 Ecl.
688 1579 715 1614 l,
737 1579 767 1613 9,
792 1580 851 1608 Sed
873 1584 968 1608 tamen
993 1580 1048 1608 iste
1071 1581 1142 1609 deus
1165 1581 1216 1619 qui
1239 1581 1288 1615 sit,
1310 1580 1361 1615 da,

134 1621 250 1659 Tityre,
264 1623 354 1650 nobis.
371 1637 410 1642 -—
425 1619 566 1660 [iratum]
584 1622 591 1636 ‘
603 1621 794 1650 famelicum!
817 1621 877 1650 cfr.
895 1623 955 1651 Sat.
972 1622 1001 1656 2,
1017 1622 1047 1654 2,
1066 1621 1112 1652 18.
1127 1637 1170 1644 -
1185 1620 1359 1662 [Lucanus]

132 1663 193 1692 Sat.
211 1664 240 1695 2.
255 1663 284 1697 3,
301 1663 372 1693 234.
397 1664 495 1702 Caput
510 1673 604 1692 coenae
620 1664 676 1692 1100
691 1663 810 1692 videtur
827 1663 928 1699 fuisse,
949 1673 1021 1702 aper
1041 1664 1168 1702 integer,
1190 1665 1243 1693 sed
1258 1664 1361 1703 inepte

131 1705 230 1744 primo
252 1706 416 1744 appositus,
437 1711 468 1734 ut
489 1707 657 1744 conjectare
679 1706 749 1734 licet
771 1715 786 1734 e
804 1706 900 1735 Caena
916 1706 1160 1744 Trimalchionis,
1175 1706 1294 1736 Petron.
1308 1707 1361 1738 40.

130 1763 173 1770 —
188 1746 264 1786 [leni
279 1746 346 1786 suit
359 1746 488 1786 Austro]
515 1750 523 1764 ⁴
537 1758 595 1776 non
612 1748 702 1777 nimis
717 1748 852 1784 fervido,'
869 1758 929 1786 quo
952 1748 1037 1778 facile
1051 1749 1082 1777 in
1099 1749 1291 1787 putredinem
1306 1749 1366 1778 ab-'

130 1789 212 1826 isset,
229 1790 281 1819 sed
297 1791 365 1824 leni,
388 1791 427 1819 ad
448 1791 504 1819 hoc.
520 1791 680 1820 dumtaxat
698 1791 876 1826 sufficiente,
900 1795 933 1820 ut
954 1801 1022 1820 caro
1043 1792 1123 1821 lassa
1135 1792 1233 1829 fieret,
1256 1793 1290 1821 id
1306 1795 1360 1828 est,

132 1834 274 1872 requieta.
319 1833 427 1871 Porph-

175 1875 267 1910 7-9,
293 1872 399 1914 [coenoe
418 1872 523 1913 pater]
549 1879 583 1903 ut
604 1875 687 1914 apud
711 1875 765 1904 Gr.
789 1873 899 1916 πατὴρ
921 1873 1031 1915 λόγου,
1055 1872 1228 1915 δόγματος,
1246 1877 1360 1906 ‘coenae

134 1916 275 1947 dominus
295 1917 429 1946 convivis
448 1916 598 1954 significat
619 1917 764 1956 optimam
783 1927 864 1947 nunc
878 1918 976 1956 ipsum
993 1927 1058 1947 esse
1073 1919 1152 1947 hanc
1166 1917 1358 1958 apmgnam)

133 1960 207 1989 dum
223 1969 255 1988 re
270 1960 342 1989 vera
355 1969 497 1988 excusare
511 1966 637 1988 conatur
652 1961 716 1998 ejus
739 1965 890 1998 putorem,
913 1961 950 1989 ob
972 1969 1100 1997 eamque
1119 1959 1217 1998 ipsam
1239 1962 1366 1990 causam'

134 2007 178 2031 tot
192 2002 322 2031 cinctam
339 2003 426 2032 rebus
440 2001 575 2040 apponit,
591 2012 658 2039 quae
673 2001 797 2040 quidem
814 2012 872 2031 non
886 2011 979 2031 coenae
993 2002 1090 2035 initio.
1106 2003 1160 2031 sed
1176 2003 1284 2032 lassato
1295 2004 1361 2042 jam

133 2044 300 2073 ventriculo
324 2045 406 2082 apud
427 2044 501 2073 alios
524 2044 651 2082 praeberi
672 2042 1144 2084 consuessent.—[Perveuunt]
1169 2046 1258 2074 ‘cum
1282 2045 1363 2083 quii-¹

133 2087 203 2116 dam
230 2087 427 2115 delectatione
450 2092 600 2124 pungunt,
629 2087 795 2116 suseitant.’
828 2085 1100 2126 Acr.-[faecula
1127 2085 1202 2126 Coa]
1230 2087 1362 2117 Suidas:

133 2126 243 2168 φὲκλη,
262 2127 341 2166 τρὺξ
356 2127 447 2158 οἴνου
462 2126 647 2168 κεκαυμένη.
693 2129 794 2158 Ε113111
809 2129 874 2158 haec
889 2130 1077 2159 stomachum
1093 2129 1255 2158 excitantia
1271 2129 1364 2158 nimis

133 2172 302 2200 cumularat
318 2171 408 2200 homo
422 2180 545 2200 scaevus.
1360 2183 1362 2187 ⁷

178 2212 226 2248 1⁰,
246 2212 292 2243 11.
317 2211 394 2253 [alte
407 2211 535 2251 cinctus]
554 2213 602 2242 Sic
618 2213 738 2242 Phaedr.
756 2214 785 2247 2,
801 2214 830 2249 5,
845 2213 892 2248 ll,
910 2214 957 2243 Ex
974 2214 1135 2243 alticinctis
1151 2223 1226 2243 unus
1247 2214 1362 2243 utrien-

133 2255 222 2285 sr‘bus.
234 2270 276 2276 —
293 2253 459 2294 [acernam]
477 2257 496 2271 “
509 2256 549 2284 Et
570 2256 626 2285 hoc
649 2261 732 2285 notat
747 2257 813 2294 ejus
827 2255 991 2291 sorditiem,
1007 2256 1087 2294 quod
1102 2265 1156 2295 pro
1171 2255 1284 2285 divitiis
1300 2265 1361 2285 nou

133 2297 273 2328 habuerit
287 2307 423 2328 mensam
442 2298 567 2328 citream
583 2303 635 2328 aut
649 2298 908 2328 vermiculatam.”
928 2299 1034 2328 Comm.
1052 2298 1103 2328 Cr.
1149 2298 1227 2328 Plin.
1245 2297 1294 2334 16,
1308 2297 1361 2336 26,
