1390 2586
44 0 85 28 :rf-

39 68 150 121 μι,
166 71 234 116 12]
493 70 866 103 INTERPRETATIO.
1214 70 1299 114 217

49 177 190 219 &aaa
207 184 300 211 me,
320 178 355 204 ut
369 173 423 213 qui
443 182 606 212 nunquam
627 173 784 203 rediturus
799 172 839 202 sit
858 172 891 202 in
907 171 1050 211 patriam,
1076 172 1240 203 nauclerus
1262 173 1296 204 in

49 225 232 260 „motuum
257 217 335 248 mari
361 216 562 252 renuntiabit,
592 222 627 246 ut
651 217 779 247 fortasse
806 222 839 246 tu
861 222 988 255 propter
1014 216 1140 255 aliquod
1168 217 1296 246 taedium

49 263 148 295 uini
162 263 292 294 Romam
308 270 468 299 nunquam
484 260 585 290 redire
602 260 785 290 decrevisti!

55 327 58 330 »
94 304 229 343 17-21,
266 301 447 344 [Incolumi]
483 305 490 319 ‘
507 304 638 342 integro,
668 313 750 333 sanae
779 302 892 333 mentis
919 302 1051 339 homini,
1085 303 1239 332 constanti
1265 308 1297 333 et

50 348 180 390 qnietess
211 348 305 379 schol.
348 347 398 377 Sic
427 348 490 377 Sat.
506 347 537 383 2,
553 347 650 384 5,13,
674 348 813 377 incolumi
835 347 934 386 capite
962 356 1025 376 esse
1050 346 1218 386 opponitur
1246 346 1297 376 in-

47 392 227 425 miae.-—‘
241 390 303 424 Qui
322 390 419 430 igitur
443 390 527 420 domi
553 395 716 420 contentus
739 390 824 425 vivit,
849 389 1066 429 pulcherrimis
1087 389 1148 420 illis
1167 390 1296 420 Graeciae

48 439 82 470 α
94 434 178 468 Asin
195 434 322 464 urbibus
341 443 430 472 aeque
451 434 584 463 libenter
604 439 687 464 caret
706 443 741 463 ac
759 434 851 463 rebus
872 431 1295 474 molestissimis.'—[M1‘1y-

46 475 129 518 ἔκιε]
151 475 174 515 ἡ
188 475 318 518 μεγάλη
333 475 389 508 καὶ
403 475 490 515 καλὴ
506 483 631 507 vocatur
648 487 666 506 a
682 477 789 515 Longo
808 476 835 513 l,
854 476 880 506 l.
892 493 934 497 —
947 474 1064 516 [facit]
1090 478 1098 492 ‘
1109 477 1209 515 juvat,
1223 483 1296 516 apta

43 518 116 555 'fit'
157 521 296 560 Propert.
326 521 355 555 3,
381 521 410 559 l,
438 521 490 556 20,
522 521 590 550 Non
605 519 705 560 faciet
729 521 822 559 capiti
847 521 924 550 dura
948 531 1055 550 corona
1079 531 1148 550 meo.
1185 521 1232 550 Pr.
1257 521 1295 551 de

40 555 298 602 ⁵&edictimentisz
324 564 403 594 Plin.
419 564 533 602 2219,
554 565 728 594 chamleon
743 562 827 603 facit
849 564 890 593 ad
913 564 1117 602 difficultatem
1141 566 1298 594 urinae.—
1315 582 1326 592 .

42 605 211 648 ⁴Parvula]
246 607 338 637 vestis
364 607 535 646 gausapina
563 607 611 636 vel
640 614 768 643 scortea,
800 607 861 646 qua
890 616 983 646 super
1008 607 1144 636 tunicam
1171 608 1297 646 accepti

41 676 62 690 ἔ,
114 660 188 690 pore
206 650 366 690 frigidiore
386 661 441 690 per
462 651 574 680 itinera
594 651 780 685 utebantur;
803 660 858 690 per
882 656 1020 680 aestatem
1041 656 1166 689 propter
1189 651 1297 690 spissi-

42 694 189 734 &dinem
216 695 346 724 molesta
370 700 447 724 erat.
495 695 610 724 Contra
629 698 793 734 campestre
814 693 1065 732 (subligaculum,
1091 692 1296 734 κατὰζωμα),

43 736 212 778 inguinum
242 738 451 768 velamentum
479 737 621 773 linteum,
646 747 708 776 quo
733 738 937 775 cingebantur
957 738 1088 776 juvenes
1115 737 1147 767 in
1178 738 1296 777 Campo

44 774 174 818 flutio,
200 781 276 811 nudi
300 790 429 820 corpora
450 786 629 810 exercentes
651 781 699 810 vel
726 780 863 810 Tiberim
891 781 1082 810 denatantes.
1096 779 1293 821 —[Sextili]

45 824 210 863 Augustus
234 824 349 854 mensis
365 824 490 854 Sextilis
512 825 638 854 demum
654 832 686 854 Α.
703 832 734 854 U.
752 832 779 853 e.
795 823 859 859 746
879 825 1052 863 appellatus
1067 822 1296 864 εει-[θαψί-

45 865 121 908 m]
153 867 272 898 foculus
304 877 373 897 cum
399 866 519 907 prunis,
543 867 606 906 qui,
632 873 667 897 ut
691 868 823 904 videtur,
850 877 888 896 ex
910 877 972 896 uno
996 867 1147 897 conclavis
1171 868 1237 897 loco
1262 868 1294 898 in

45 911 179 942 alterum
195 911 352 941 transferri
367 916 500 950 poterat3
516 910 660 949 qualibus
676 911 770 941 etiam
787 921 869 940 nunc
879 916 1010 940 utuntur
1025 911 1151 941 ltali.-
1159 908 1293 951 [Romae]

48 955 58 971 ⁸
71 955 155 985 Dum
169 955 276 985 Romae
290 954 422 984 vivimus
442 954 556 990 felices,
581 954 744 984 laudemus
766 964 839 984 sane
858 963 996 984 amoenas
1018 961 1047 984 et
1068 955 1213 994 pulchras
1228 955 1296 985 illas

40 999 150 1035 arbes,
178 1007 236 1028 nec
259 1003 364 1028 tamen
392 997 583 1036 abripiamur
612 998 675 1027 ullo
704 1008 755 1028 eas
782 998 901 1028 visendi
926 998 1144 1028 desiderio.’—
1156 996 1294 1038 [absens]

39 1041 57 1076 'v‘
66 1041 172 1082 procul
188 1041 248 1071 sita
261 1050 280 1070 a
293 1041 394 1080 patria
408 1041 533 1071 nostra)

38 1095 63 1124 i
88 1084 226 1116 22-30.
261 1085 432 1115 Fortunam
453 1085 580 1114 verbum
598 1090 643 1114 est
659 1084 861 1114 formularum
878 1085 1102 1123 religiosarum.
1148 1084 1296 1116 Afranius

88 1128 130 1158 ud
153 1128 234 1158 Non.
257 1138 287 1167 p.
316 1127 385 1164 109,
416 1128 510 1158 Merc.
553 1127 631 1158 Deos
654 1139 707 1168 ego
731 1129 822 1158 omm's
847 1132 880 1157 ut
895 1126 1102 1167 sortemassint
1127 1139 1297 1167 precor.—

40 1193 41 1198 ,
65 1169 197 1211 whiter]
222 1172 296 1211 ‘qui
317 1180 403 1201 mare
427 1171 519 1210 longe
535 1178 708 1210 prospectat
734 1171 838 1210 itaque
861 1173 926 1211 ejus
951 1172 1045 1201 veluti
1068 1172 1211 1201 dominus
1229 1172 1296 1203 est.’

44 1211 248 1256 5—[Goelum,
276 1225 333 1245 non
355 1213 501 1254 animum]
527 1214 690 1244 AEschines
718 1215 788 1244 adv,
817 1215 954 1254 ctesiph.
983 1225 1014 1254 p.
1036 1215 1110 1253 407,
1132 1215 1232 1246 Bekk.
1257 1214 1296 1246 οὐ

133 1257 195 1289 τὸν
219 1257 357 1299 τρόπον,
382 1254 474 1288 α’λλὰ
504 1257 564 1288 τὸν
594 1256 702 1288 τόπον
725 1256 831 1298 μόνον
864 1256 1136 1299 μετήλλαξεν.-
1151 1257 1298 1299 [Strenua

42 1320 46 1335 >2
97 1299 175 1342 nia]
201 1302 310 1334 Qualis
333 1307 379 1332 est
403 1301 597 1331 ardelionum
623 1302 687 1331 vita
710 1301 859 1340 (Martial.
885 1302 914 1337 2,
938 1301 984 1340 7),
1007 1302 1059 1340 qui
1082 1311 1153 1331 cum
1175 1312 1297 1342 semper

38 1343 164 1384 'quid
193 1345 365 1375 moliuntur
393 1354 528 1383 moxque
558 1350 673 1374 temere
705 1345 827 1383 incepta
853 1345 1012 1381 omittunt,
1051 1345 1127 1374 nihil
1157 1355 1296 1384 unquam

41 1402 43 1407 ·
65 1403 68 1408 Δ
115 1395 254 1428 quuntur
270 1398 327 1418 nec
347 1388 529 1426 perficiunt:
552 1388 636 1427 quod
652 1399 748 1427 quum
764 1389 822 1427 ipsi
838 1389 988 1425 sentiunt,
1004 1389 1096 1418 taedio
1111 1395 1297 1427 exercentur,

92 1431 224 1471 'ganum
271 1433 329 1462 Per
343 1429 514 1472 ὀξύμωρον
537 1432 653 1461 dictum
674 1437 732 1470 est,
756 1437 790 1461 ut
814 1432 891 1461 illud
916 1431 1013 1461 Ennii
1034 1433 1117 1471 apud
1144 1433 1224 1462 Gell.
1246 1433 1296 1470 19,

124 1475 224 1506 otioso
242 1476 359 1515 negotio
381 1477 497 1505 animus
520 1477 623 1512 nescit,
645 1476 719 1515 quid
737 1476 817 1505 velit.
854 1476 960 1505 Senec.
976 1476 1014 1505 de
1037 1476 1150 1514 Tranq.
1169 1477 1228 1506 An.
1246 1476 1296 1513 12,

49 1512 67 1522 ’
124 1520 132 1526 ”
149 1523 182 1549 ta
205 1520 325 1549 inercia.
350 1519 408 1549 od.
428 1518 456 1554 l,
471 1518 524 1556 34,
546 1519 577 1555 2,
606 1521 757 1549 insaniens
779 1520 939 1558 sapientia.
960 1535 1002 1540 —-
1023 1516 1180 1559 [navibus]
1206 1521 1214 1535 ‘
1231 1520 1296 1550 Nos

36 1254 113 1300 s

116 1561 124 1568 ’
167 1567 200 1592 et
218 1567 316 1592 terras
337 1571 548 1601 peragramus,
569 1568 604 1592 ut
618 1563 696 1592 bene
718 1563 869 1601 beateque
888 1562 1036 1597 vivamus,
1061 1563 1146 1601 quasi
1167 1563 1199 1592 in
1222 1563 1296 1594 locis

66 1617 103 1629 ὐ
125 1605 194 1635 ·mis
226 1612 319 1645 atque
347 1615 366 1635 a
394 1606 495 1645 patria
525 1615 617 1644 quam
646 1606 859 1635 remotissimis
889 1604 1087 1644 tranquillius
1113 1605 1296 1646 feliciusque

88 1663 100 1673 ο-
133 1648 160 1678 ri
176 1658 268 1687 quam
285 1649 390 1679 domi.’
424 1647 758 1689 Lamb.——[Uluhris]
785 1659 859 1688 quas
884 1659 993 1679 vacuas
1016 1649 1090 1678 dicit
1115 1650 1228 1679 Juven.
1246 1650 1294 1687 10,

49 1699 54 1713 ’τ
79 1696 107 1714 ’·’«
139 1692 322 1732 oppidulum
344 1702 439 1731 prope
460 1692 589 1732 paludes
613 1693 801 1731 Pomptinas,
825 1692 917 1722 hodie
939 1693 1086 1723 Cisterna.
1115 1693 1179 1723 Cfr.
1195 1694 1295 1724 Plaut.

32 1731 122 1785 in.
138 1735 170 1772 2,
184 1735 214 1774 2,
230 1735 279 1772 10,
302 1735 369 1772 Pol,
385 1737 412 1766 n·
427 1740 472 1766 est
486 1737 603 1766 animus
617 1747 730 1776 aequus,
742 1738 818 1767 satis
833 1737 933 1773 habes,
950 1738 1001 1776 qui
1018 1737 1089 1767 bene
1100 1739 1192 1767 vitam
1205 1738 1295 1768 colas.

515 1866 729 1897 EPISTOLA
752 1866 826 1898 XII.

28 1947 229 1987 *Annum
266 1954 313 1984 De
338 1953 418 1984 Iccio
440 1953 511 1983 vide
534 1953 592 1983 Od.
611 1953 638 1990 1,
655 1954 704 1984 29.
739 1954 820 1984 Huic
839 1954 974 1984 sodalem
990 1964 1091 1990 suum,
1112 1954 1296 1993 Pompeium

61 2002 69 2038 J
102 1996 225 2035 phum
243 1996 318 2037 (Od.
334 1998 363 2034 2,
380 1996 426 2036 7),
449 1998 654 2032 commendat,
669 2003 794 2036 propter
809 2008 901 2036 quam
917 1999 1016 2037 ipsam
1032 1998 1183 2027 rationem
1199 2008 1296 2037 prope

122 2039 228 2070 dibile
248 2046 304 2076 est,
334 2041 519 2079 interpretes
541 2047 612 2070 ante
635 2041 812 2071 Jacobsium
847 2041 992 2080 (excepto
1015 2047 1118 2071 tamen
1140 2040 1294 2081 Gesnero)

66 2085 68 2087 ’
132 2081 197 2113 sere
211 2093 264 2114 ore
279 2084 312 2114 in
334 2094 370 2114 eo
386 2084 586 2118 consensisse,
610 2090 644 2114 ut
659 2084 893 2122 contenderent,
916 2085 948 2114 in
966 2085 1223 2114 commendaticia
1236 2084 1295 2115 hac

82 2122 98 2165 ⁶.
114 2139 117 2147 ·
135 2126 180 2156 da
194 2126 314 2157 Iccium
339 2133 498 2166 tamquam
521 2127 679 2158 hominem
702 2128 871 2163 sordidum,
898 2138 1037 2164 avarum,
1060 2127 1190 2165 fatuum,
1216 2128 1293 2159 dieis

161 2174 194 2199 et
217 2176 344 2210 propter
367 2170 470 2200 nescio
494 2180 586 2209 quam
609 2171 704 2201 animi
730 2171 898 2201 vanitatem
918 2171 1121 2210 philosophiae
1142 2171 1293 2209 deditum,

31 2246 35 2255 “
77 2248 84 2257 .
104 2215 109 2220 ''
137 2212 179 2243 ‘bi
190 2219 301 2244 etcum
317 2213 432 2252 insigni
447 2213 648 2244 mordacitate
663 2214 806 2251 derideri,
822 2215 1025 2244 nihilominus
1038 2215 1182 2246 videlicet
1191 2221 1291 2255 poetae

67 2291 71 2294 ⁴
87 2259 244 2296 scurn.—-
256 2257 377 2296 Scripta
389 2262 436 2287 est
452 2265 484 2287 A.
497 2265 529 2287 υ.
545 2266 573 2287 c.
589 2257 660 2293 734.

154 2299 184 2330 5.
209 2298 405 2340 [Fructibus]
439 2300 538 2331 Iccius
554 2308 628 2331 tuuc
642 2306 709 2331 erat
721 2307 899 2340 procurator
914 2301 1100 2341 praediorum
1117 2301 1293 2332 Siculorum

45 2378 62 2390 .
90 2340 265 2383 ’ΔΕΙῘΡΡΒ,
290 2353 422 2384 quorum
447 2344 485 2375 de
499 2345 650 2375 reditibus
665 2350 733 2375 rata
753 2355 823 2384 pars
842 2351 1000 2384 tamquam
1017 2345 1294 2376 administrationis

1014 2388 1037 2420 L
