1390 2586
139 105 191 142 50
497 113 754 142 SAT1RARUM
783 113 871 142 Lm.
894 114 942 143 11.
962 103 1000 142 8.

138 213 218 254 Vel
238 228 361 268 quum
384 213 575 255 Pausiaca
596 221 740 267 torpes,
762 212 913 262 insane,
936 211 1095 261 tabella,
1303 215 1356 251 60

140 269 226 317 Qui
245 284 385 324 peccas
405 270 535 310 minus
555 278 676 323 atque
696 283 784 323 ego,
803 283 926 323 quum
946 268 1063 309 Fulvi
1085 266 1355 322 Rutubaeque,

139 327 226 367 Aut
249 325 477 366 Pacideiani
498 333 685 366 contento
705 324 857 379 poplite
878 325 997 365 miror
1383 326 1385 330 '

141 381 300 428 Proelia,
323 381 478 422 rubrica
499 382 606 436 picta
625 388 694 421 aut
713 380 883 421 carbone
898 395 908 429 ;
938 380 1050 422 velut
1067 379 1101 420 si

142 437 206 477 Re
226 437 320 477 vera
341 446 536 493 pugnent,
558 437 715 486 feriant,
737 436 946 491 vitentque
965 445 1172 476 moventes

140 495 266 534 Arma
286 492 390 533 viri?
450 493 648 548 Nequam,
671 501 712 533 et
731 501 903 533 cessator
925 492 1086 541 Davus3
1115 499 1158 533 at
1176 491 1261 547 ipse
1305 493 1358 531 65

144 549 310 590 Subtilis
331 557 511 590 veterum
526 549 654 604 judex
675 558 716 589 et
735 549 899 589 callidus
917 547 1042 589 audis.

145 604 217 645 Nil
237 620 325 660 ego,
348 605 380 645 si
401 605 522 645 ducor
542 605 622 646 libo
643 606 846 654 fumante3
877 604 950 645 tibi
970 603 1113 659 ingens

144 661 285 702 Virtus
304 670 424 716 atque
444 662 600 702 animus
620 660 744 702 coenis
763 668 970 715 responsat
989 659 1165 715 opimis?

145 717 398 772 Obsequium
418 718 568 758 ventris
587 717 684 757 mihi
704 716 964 771 perniciosius
985 724 1045 757 est
1064 714 1164 756 cur?

146 773 286 828 Tergo
306 773 457 827 plector
477 773 597 813 enim.
651 772 736 820 Qui
756 780 802 814 tu
821 772 1054 828 impunitior
1073 771 1153 820 illa,
1308 773 1360 811 70

195 844 253 870 uae
274 844 394 884 parvo
414 830 516 870 sumi
538 836 757 884 nequeunt,
780 829 944 869 obsonia
964 826 1131 883 captas?

147 885 308 940 Nempe
329 885 622 926 inamarescunt
641 885 770 940 epulae
789 885 875 925 siue
895 884 975 925 fine
994 885 1144 939 petitae,

149 941 342 996 Illusique
363 941 485 995 pedes
505 942 691 982 vitiosum
710 941 813 981 ferre
833 948 1016 981 recusant

150 997 317 1052 Corpus.
351 999 417 1037 An
438 997 503 1038 hic
522 1006 672 1052 peccat,
694 996 768 1038 sub
788 1003 945 1037 noctem
966 995 1036 1051 qui
1056 1010 1156 1051 puer
1176 1008 1292 1036 uvam

98 1082 102 1087 -
149 1053 313 1094 Furtiva
334 1061 462 1094 mutat
481 1053 658 1109 strigili?
687 1053 757 1108 qui
777 1053 925 1107 praedia.
943 1052 1094 1101 vendit,
1309 1053 1362 1091 75

148 1108 219 1149 Nil
239 1109 395 1158 servile,
418 1109 524 1164 gulae
544 1124 700 1164 parens,
722 1107 875 1149 habet?
933 1108 1063 1157 Adde,
1086 1107 1193 1163 quod
1211 1106 1318 1148 idem

145 1165 240 1206 Non
262 1165 396 1206 horam
419 1174 549 1206 tecum
571 1180 656 1206 esse
676 1173 814 1220 potes;
846 1179 924 1205 non
945 1165 1027 1205 otia
1045 1173 1153 1205 recte

143 1221 323 1261 Ponere:
356 1230 476 1276 teque
496 1222 626 1276 ipsum
646 1221 759 1270 vitas,
782 1220 975 1277 fugitivus
995 1228 1036 1261 et
1055 1233 1156 1268 erro,

142 1277 234 1317 Jam
254 1277 347 1318 vino
369 1292 564 1332 quaerens,
581 1278 666 1332 jam
687 1291 826 1318 somno
846 1277 983 1317 fallere
1004 1290 1162 1317 curam:

146 1333 310 1374 Frustra
324 1349 350 1382 3·
369 1348 462 1374 nam
497 1348 628 1374 comes
657 1340 742 1374 atra
773 1332 919 1388 premit
952 1332 1214 1388 sequiturque
1247 1330 1364 1385 fuga-

256 1404 355 1435 cem.

155 1446 261 1485 Unde
299 1447 396 1486 mihi
433 1447 598 1500 lapidem
616 1445 638 1486 ?
707 1445 910 1494 Quorsum
949 1451 1009 1485 est
1046 1457 1146 1499 opus
1160 1442 1180 1483 ’Β
1258 1442 1366 1483 Unde

257 1505 419 1556 sayittas
432 1501 453 1542 ,9

150 1558 236 1598 Aut
254 1558 401 1598 insanit
421 1558 550 1607 homo,
571 1564 641 1598 aut
660 1571 794 1597 versus
814 1556 920 1598 facit.
983 1556 1101 1597 Ocius
1118 1557 1208 1596 hinc
1227 1561 1261 1595 te

149 1614 210 1654 Ni
228 1616 348 1668 rapis,
370 1616 519 1654 accedes
538 1628 653 1668 opera
672 1628 767 1668 αρν-ο
787 1628 886 1654 nona
901 1613 1059 1654 Sabina.

617 1865 774 1892 SATIRA
802 1865 899 1892 VIII.

154 1959 164 1978 ‘
181 1953 240 1994 Ut
260 1951 469 1993 Nasidieni
483 1950 591 2006 juvit
608 1958 649 1992 te
670 1965 784 1992 coena
802 1949 942 1992 beati?

153 2009 257 2050 Nam
277 2008 375 2048 mihi
395 2008 589 2062 quaerenti
609 2012 815 2048 convivam
835 2007 963 2049 dictus
982 2007 1077 2049 here
1096 2004 1178 2049 illic

152 2065 220 2105 De
240 2064 371 2105 medio
391 2072 528 2118 potare
548 2063 637 2104 die!
698 2063 777 2112 Sic,
800 2073 845 2105 ut
863 2063 961 2104 mihi
981 2078 1187 2119 nunquam

153 2121 202 2161 In
224 2121 304 2162 vita
325 2120 444 2161 fuerit
463 2119 616 2160 melius.
677 2124 688 2144 ‘
701 2119 782 2170 Da,
804 2120 837 2160 si
856 2135 977 2175 grave
997 2134 1077 2160 non
1098 2127 1170 2169 est,

152 2177 257 2225 Quae
277 2177 404 2231 prima
422 2176 564 2217 iratum
583 2183 764 2216 ventrem
784 2176 998 2230 placaverit
1017 2177 1131 2217 esca.’
1341 2178 1366 2215 5

151 2233 200 2274 In
223 2233 358 2287 primis
380 2232 567 2273 Lucanus
586 2246 681 2287 aper
705 2232 804 2286 (leni
823 2232 900 2273 fuit
920 2232 1069 2272 Austro

153 2289 317 2344 Captus,
340 2296 384 2329 ut
402 2287 534 2330 aiebat
553 2302 677 2329 coenae
696 2288 826 2344 pater)
844 2303 855 2338 ;
885 2287 991 2330 acria
1010 2287 1158 2328 circum
