1390 2586
70 111 141 141 ua.
160 113 183 136 1.
197 101 247 146 5.]
481 71 486 78 ¹
510 99 888 132 INTERPRETATIO.
1247 100 1326 142 125

69 208 84 234 .⁸
95 205 204 246 quavis
217 204 346 240 ratione,
363 202 454 233 modo
469 201 588 238 festive,
612 202 704 232 modo
720 202 895 241 petulanter
909 211 945 231 ac
961 201 1071 231 rustice
1086 201 1103 236 ;’
1128 199 1320 243 [aspergere]

74 250 183 281 ‘salsis
207 247 296 279 dictis
319 256 443 286 carpere
469 251 500 276 et
528 245 745 276 vellicare.’—
759 243 828 286 [qui
847 247 963 285 proebet
982 242 1106 285 aquam]
1131 245 1240 274 festiva
1267 255 1323 275 ex-

75 292 253 324 tenuatione
272 300 328 331 pro
349 289 557 325 convivatore,
580 290 668 328 quasi
683 299 755 318 vero
772 288 850 318 nihil
868 289 953 318 aliud
969 290 1118 327 praeberet
1133 287 1193 317 nisi
1208 298 1322 327 aquam

74 336 187 378 partim
200 335 240 365 ad
253 334 346 374 pedes
360 334 516 369 lavandos,
533 333 645 372 partim
661 339 691 362 et
706 332 851 370 frigidam
865 338 896 362 et
909 332 1040 362 calidam
1056 333 1095 362 ad
1108 332 1286 361 bibendum.

118 377 252 410 81—93.
267 366 668 418 ᾩΜτῖῥῖἣισιαστής.
678 392 721 397 -—
730 373 864 415 [Infesta
874 373 987 416 nigris]
1006 377 1014 391 ‘
1024 375 1076 414 qui
1093 375 1168 405 dicis
1181 382 1210 405 te
1222 375 1322 406 odisse

75 422 242 453 malitiosos
255 427 347 460 atque
362 420 537 460 improbos.'
550 436 595 441 —
607 417 785 459 [Pastillos]
811 419 926 449 Versus
941 419 1089 457 repetitus
1105 429 1142 448 ex
1161 420 1223 448 Sat.
1244 419 1273 457 l,
1288 420 1320 454 2,

74 465 128 504 27,
143 470 215 496 ante
229 465 308 494 hanc
322 464 415 494 edita.
427 479 471 486 —
485 461 682 503 [Capitolini]
708 463 726 478 ‘⁶
740 463 846 501 Fingit
860 472 892 492 se
907 463 990 501 loqui
1007 472 1077 492 cum
1093 462 1192 492 amico
1207 462 1322 492 Petillii

75 508 250 549 Capitolini,
276 507 330 547 qui
356 517 426 537 cum
453 513 594 546 praeesset
617 506 779 546 Capitolio,
802 512 961 536 accusatus
986 511 1042 542 est,
1068 506 1151 543 quod
1177 515 1322 536 coronam

73 551 160 584 Iovia
175 550 341 590 Capitolini
363 551 525 589 rapuisset,
549 559 644 589 quare
669 550 734 588 ipse
755 550 884 579 sublatae
905 559 1025 579 coronae
1045 559 1170 579 causam
1190 549 1269 579 dixit
1290 557 1323 580 et

67 595 230 627 absolutus
251 600 299 624 est
320 604 339 624 a
356 594 514 633 judicibus
537 593 569 622 in
592 592 722 632 gratiam
747 593 908 622 Octaviani
932 592 1071 628 Caesaris,
1094 594 1181 631 cujus
1205 592 1321 623 amicus

68 638 172 669 «eratl'
209 638 316 668 Coram.
335 638 426 677 Cruq.
461 636 522 667 Csr.
540 636 603 667 Sat.
622 635 650 672 l,
668 636 718 675 10,
732 636 783 666 26.
797 653 838 657 —
852 634 990 676 [succus]
1009 636 1039 665 in
1061 637 1151 675 prosa
1168 646 1210 666 or.
1227 636 1322 673 virus,

73 681 140 713 cine
168 681 315 720 imagine,
344 681 519 719 malignitas
544 690 580 710 ac
607 678 696 710 livor.
728 682 746 696 “
761 680 869 718 Loligo
894 689 991 718 genus
1015 685 1062 709 est
1092 679 1182 718 piscis
1208 679 1322 709 marini

66 734 199 756 {uocum
219 725 338 755 habens
363 724 486 762 nigrum
512 729 543 754 et
564 728 736 753 atramento
758 723 924 752 similem.”
949 723 1056 753 Comm.
1076 724 1167 763 Cruq.
1205 724 1322 754 Cuttle-

65 769 140 808 fich.
153 765 360 809 —[AErugo]
386 767 435 797 Sic
459 767 595 797 Martial.
614 766 661 802 1⁰,
683 767 735 802 33,
756 767 785 802 5,
809 768 903 797 viridi
926 767 1033 796 tinctos
1053 769 1187 805 aerugine
1209 777 1321 802 versus,

73 810 108 842 id
121 817 180 851 est,
190 812 362 842 maledicos.
375 827 415 833 —
424 809 473 851 [ut
487 813 514 841 si
528 808 616 850 quid]
642 810 879 840 Constroetione
890 810 1047 840 contracta
1058 820 1095 839 ex
1111 810 1152 847 l,)
1170 812 1177 826 ‘
1192 816 1225 839 ut
1237 810 1323 840 aliud

73 855 151 895 quid
166 865 236 885 vere
258 855 435 895 promittere
458 854 496 884 de
518 864 567 884 me
590 863 715 893 possum
729 853 746 890 ς’
771 852 817 893 2,)
835 853 880 884 ‘si
900 854 976 893 quid
995 854 1323 893 aliud—promittere

145 898 218 928 um.¹

118 941 169 974 96.
193 939 361 982 [lamnia]
386 940 548 980 Exemplis
570 940 758 970 Bentleianis
777 939 857 970 adde
875 941 946 970 Tac.
963 939 1050 970 Ann.
1065 941 1096 978 2,
1111 941 1163 976 52,
1179 945 1213 970 ut
1232 941 1323 971 lectos

73 986 154 1016 viru
166 986 350 1025 —imperiis
363 991 521 1015 suesceret.
559 985 726 1019 construe;
754 984 821 1014 Hoc
835 994 879 1014 me
894 986 1031 1020 insuevit,
1054 989 1087 1014 ut
1093 982 1235 1024 fugerem
1250 985 1322 1014 viti-

75 1038 158 1069 on-
175 1038 307 1069 quaeque,
327 1039 363 1059 aa
384 1029 460 1059 vicia
481 1028 622 1067 exemplis
643 1028 782 1063 notando,
801 1028 833 1057 id
854 1033 900 1058 est
915 1029 923 1043 ⁴
936 1027 1100 1057 assuefecit
1120 1038 1181 1064 me,
1203 1028 1323 1057 adoles-

75 1078 196 1102 centem
210 1071 360 1111 exemplis
375 1082 512 1108 monens,
530 1077 564 1101 ut
579 1076 685 1110 postea
699 1071 765 1110 ipse
779 1071 812 1100 in
828 1070 959 1109 singulis
974 1070 1152 1101 hominibus
1169 1077 1320 1104 notarem,

74 1115 187 1155 quibus
200 1115 282 1145 vitiis
303 1115 478 1146 laborarent
496 1124 627 1154 quaeque
649 1115 731 1144 mala
754 1120 846 1153 atque
869 1113 1060 1144 calamitates
1084 1124 1135 1144 eos
1158 1120 1322 1153 propterea

73 1164 246 1190 consecutae
260 1164 372 1196 essent,
387 1159 498 1198 quibus
513 1158 663 1197 exemplis
678 1158 842 1187 deterritus
857 1158 1009 1196 ejusmodi
1024 1157 1099 1187 vitia
1114 1157 1264 1187 vitarem.’

120 1200 295 1233 loo—109.
314 1199 422 1242 [Albi]
439 1212 531 1240 snpra
545 1211 574 1231 v.
586 1201 637 1237 28,
655 1202 674 1218 ‘⁶
687 1201 770 1231 Mira
784 1201 968 1238 urbanitate,
985 1202 1059 1231 dum
1074 1202 1161 1240 quasi
1176 1200 1322 1235 ostendit,

76 1245 231 1284 qumodo
245 1255 278 1276 se
292 1251 380 1285 pater
393 1245 526 1284 optimus
540 1244 689 1284 exemplis
704 1254 829 1274 monere
845 1245 953 1275 solitus
968 1251 1060 1283 esset,
1076 1245 1194 1274 interea
1208 1245 1323 1274 multos

76 1287 242 1328 percutit.”
274 1289 347 1319 Aer.
358 1286 564 1329 -[Barrus]
587 1288 680 1318 homo
704 1287 837 1326 ignotus.
862 1288 924 1318 Cfr.
943 1290 1005 1318 Sat.
1024 1288 1052 1324 l,
1069 1288 1099 1323 7,
1116 1288 1145 1318 8.
1156 1305 1200 1309 -
1211 1286 1322 1328 [dura-

75 1329 171 1372 verit]
204 1330 215 1347 ‘
225 1331 475 1367 corroboraverit,
503 1331 748 1361 confirmaverit!
763 1347 806 1352 —
819 1329 898 1371 [sine
926 1330 1052 1371 cortice]
1088 1332 1191 1362 Cork.
1223 1332 1322 1361 Plaut.

78 1375 183 1405 Aulul.
199 1374 229 1412 4,
247 1374 275 1410 l,
290 1375 320 1411 9,
339 1375 434 1408 Quasi
445 1376 558 1414 pueris,
573 1376 624 1414 qui
639 1385 712 1404 nare
727 1375 856 1410 discunt,
872 1376 990 1414 scirpea
1006 1376 1143 1405 induitur
1156 1376 1243 1411 ratis,
1264 1375 1324 1408 Qui

78 1419 212 1449 laborent
226 1419 332 1454 minus,
347 1417 475 1458 facilius
490 1423 524 1448 ut
538 1422 608 1448 nent
622 1422 652 1448 et
668 1422 800 1448 moveant
812 1428 928 1448 munus.
943 1435 985 1440 —
996 1416 1171 1458 [judicibus
1185 1415 1320 1457 selectis]

80 1462 108 1492 A
123 1467 253 1502 praetore
271 1463 389 1491 urbano
410 1471 448 1491 ex
470 1462 538 1500 lege
561 1461 688 1491 Aurelia
703 1468 734 1490 Α.
751 1469 782 1491 υ.
799 1469 827 1490 c.
843 1461 915 1495 684,
933 1469 1048 1491 ccczx.
1064 1471 1103 1491 ex
1119 1461 1324 1498 senatoribus,

77 1505 232 1544 equitibus
247 1510 278 1534 et
292 1505 422 1534 tribunis
437 1505 552 1534 aerariis
561 1505 686 1544 judice:
698 1514 801 1534 rerum
816 1504 993 1543 capitalium
1008 1505 1226 1543 seligebantur.

122 1547 192 1585 110,
207 1558 272 1587 sqq.
297 1545 364 1588 [An
377 1546 445 1588 hoc]
471 1549 640 1581 Construe;
663 1549 713 1578 An
732 1549 904 1586 addubites,
919 1550 977 1577 ‘an
1000 1549 1097 1587 possis
1113 1549 1160 1577 vel
1181 1548 1325 1588 aliquan-

77 1591 178 1623 tulum
192 1591 335 1622 dubitare
345 1592 353 1606 '
369 1593 422 1622 hoc
436 1593 619 1622 inhonestum
633 1592 674 1621 sit
688 1601 777 1621 necne
789 1592 805 1621 ἵ
818 1608 860 1612 -
871 1590 1018 1632 [Avidus]
1044 1593 1051 1607 ‘
1062 1592 1324 1631 intemperantes.’

76 1635 173 1666 Schol.
183 1651 226 1658 —-
237 1633 431 1674 Imprudens]
455 1635 598 1671 insciens,
622 1631 808 1665 λανθάνων
833 1632 987 1674 ἐμαυτόν.
999 1651 1042 1656 -
1056 1633 1188 1675 [Illudo]
1215 1636 1222 1650 ‘
1235 1635 1324 1674 quasi

77 1678 188 1708 ludens
203 1678 332 1718 conjicio
346 1679 378 1708 in
393 1678 534 1708 chartas.’
544 1694 587 1699 —
600 1676 708 1718 [nolis]
735 1683 742 1694 ‘
753 1679 836 1717 quod
851 1678 875 1708 si
891 1678 969 1708 forte
987 1678 1058 1708 huic
1074 1679 1230 1717 ignoscere
1246 1679 1326 1708 nolis

78 1720 178 1761 (quod
193 1727 296 1752 tamen
313 1727 342 1751 te
356 1721 508 1752 facturum
523 1722 627 1761 spero)
643 1732 651 1751 ι
673 1731 728 1760 pro
743 1729 826 1752 certo
842 1722 944 1751 veniet
959 1722 1026 1752 cet.’
1038 1739 1081 1743 -
1092 1720 1231 1762 [manus]
1250 1722 1326 1752 Fes-

78 1765 141 1795 tive
157 1764 246 1804 fingit
268 1771 415 1804 magnum
433 1765 540 1795 Romae
559 1775 624 1795 esse
644 1771 806 1804 poetarum
829 1765 916 1804 quasi
939 1765 1120 1795 sodalicium
1136 1772 1166 1795 et
1182 1767 1327 1805 conjura-

78 1807 207 1844 tionem,
231 1818 300 1846 quae
315 1809 363 1838 vel
378 1818 507 1838 numero
521 1818 576 1838 suo
591 1810 808 1838 obtrectatores
823 1819 968 1848 superare
984 1809 1087 1848 possit.
1134 1809 1232 1838 Simul
1248 1808 1329 1839 ridet

78 1851 215 1882 studium
226 1851 430 1888 versificandi,
446 1861 506 1890 quo
520 1858 593 1882 tunc
608 1861 700 1890 quam
713 1852 838 1891 plurimi
854 1852 947 1882 etiam
962 1852 1060 1882 invita
1074 1853 1216 1882 MInerva
1232 1853 1326 1882 duce-

79 1895 204 1926 bantur.
215 1910 258 1916 —-
271 1892 405 1935 [Judaei]
431 1895 522 1924 Multi
537 1900 602 1924 tum
618 1895 720 1925 Judaei
736 1895 768 1924 in
785 1898 859 1924 urbe
875 1901 972 1932 erant,
989 1896 1148 1925 turbidum
1165 1896 1328 1925 hominum

78 1947 189 1977 genus.
221 1937 284 1968 Cic.
308 1947 363 1977 pro
383 1938 490 1968 Flacco
511 1938 564 1974 28,
591 1939 599 1954 ‘
615 1939 886 1971 Quemadmodum
908 1940 1012 1969 Judaei
1035 1940 1149 1969 multos
1176 1940 1216 1969 ad
1239 1949 1328 1968 suam

79 1981 331 2021 superstitionem
355 1981 530 2020 pertrahere
555 1983 786 2021 proselytasque
802 1983 850 2012 vel
870 1983 1007 2021 cogendo
1029 1983 1127 2012 facere
1144 1983 1243 2012 solent
1255 1982 1272 2017 ;'
1285 1998 1329 2004 —

75 2022 132 2066 [in
153 2025 230 2054 hanc
251 2025 409 2055 concedere
433 2022 567 2064 turbam]
592 2026 600 2041 ‘
613 2032 642 2055 te
666 2025 754 2055 nobis
777 2035 943 2064 aggregare
969 2026 1140 2065 eademque
1168 2026 1329 2056 nobiscum

73 2067 195 2099 sentire
209 2067 242 2097 in
252 2067 371 2107 judicio
386 2068 556 2107 praesertim
571 2068 608 2098 de
624 2068 726 2099 satiris
740 2068 900 2100 faciendo:

595 2199 755 2230 SATIRA
778 2200 816 2231 V.

127 2283 266 2314 Aluum.
290 2285 311 2301 “
323 2284 475 2315 Lucilium
491 2285 548 2316 hac
563 2286 658 2316 satira
676 2286 839 2316 aemulatur
858 2285 1004 2316 Horatius
1020 2285 1079 2316 iter
1092 2296 1183 2317 suum
1197 2297 1216 2318 a
1232 2288 1335 2318 Roma

85 2333 182 2365 unque
198 2327 401 2367 Brundisium
417 2329 603 2365 describens,
627 2330 710 2368 quod
730 2335 762 2359 et
779 2330 831 2359 ille
847 2330 878 2359 in
895 2331 986 2360 tertio
1002 2329 1080 2360 libro
1095 2330 1175 2367 fecit,
1197 2332 1334 2371 primum

79 2368 219 2402 >flamna
229 2370 369 2412 Capuam
385 2382 482 2411 usque
498 2378 529 2403 et
543 2372 616 2403 inde
629 2372 946 2447 fregmgSicilienseJ’
968 2374 1111 2414 Porphyr.
1135 2374 1282 2405 Refertur
1297 2375 1338 2405 ad
