1390 2586
138 146 218 189 124
557 146 924 177 mmmmm-Amo.
1263 148 1351 190 [m.

131 256 187 276 vus
208 245 357 276 commodi
374 256 380 274 :
402 247 409 261 ‘
425 245 589 274 dummodo
611 245 699 275 dictis
720 245 782 274 suis
804 245 995 275 mordacibus
1019 246 1145 276 lectores
1159 247 1355 279 vehementer

132 290 232 319 ridere
247 295 334 326 cogat
348 289 365 322 ;'
377 303 419 309 —
433 285 591 326 [illeverit]
616 287 811 326 contemptim
828 287 864 316 de
881 288 1066 326 negligentia
1085 289 1117 318 in
1136 286 1355 320 scribendo.—

134 330 169 370 [a
182 330 290 371 furno]
315 341 332 360 a
351 330 478 368 pistrino
501 335 530 358 et
552 339 638 366 aquae
660 329 868 368 receptaculis,
890 340 1018 368 quorum
1041 339 1111 361 nec.
1132 331 1164 361 in
1182 331 1265 362 Urbe
1285 332 1356 363 fecit

133 374 176 404 M.
202 374 347 412 Agrippa.
375 372 451 402 Plin.
479 371 530 408 36,
560 371 606 401 15.
661 372 783 402 Gaudet
808 371 901 410 igitur
926 373 1216 411 plana—hminum
1241 374 1355 405 infimae

132 417 228 446 sortis.

174 457 308 492 38-47.
333 455 498 496 [Primum]
522 456 592 485 Non
613 455 750 494 sequitur
768 457 896 490 deinde.-
918 457 1058 496 exempla
1078 457 1170 497 hujus
1192 463 1354 489 consuetu-

132 501 211 530 dinis
235 501 266 529 in
287 500 422 528 oratione
443 498 613 528 incitatiore
637 499 727 528 habet
749 499 887 528 Goerenz
911 500 948 528 ad
970 499 1031 528 Cic.
1052 500 1090 529 de
1108 499 1203 538 Legg.
1225 501 1256 536 3,
1271 502 1356 532 9.-

133 540 331 582 [E-rcerpam]
354 551 408 580 pro
423 543 430 557 ‘
444 541 604 578 excipiam,
625 541 756 570 eximam
770 541 777 554 ¹
794 539 886 570 etiam
902 541 933 570 in
949 542 1037 580 prosa
1053 551 1095 572 or.
1127 543 1189 572 Cic.
1204 543 1242 572 de
1258 543 1309 573 Or.
1324 544 1355 579 2,

134 585 182 621 ll,
197 596 253 614 non
272 586 357 619 enim,
381 586 408 613 si
431 588 473 613 est
487 582 624 620 facilius,
649 594 680 613 eo
695 585 729 613 de
745 594 862 613 numero
872 587 966 613 -est
988 585 1206 622 excerpendum.
1217 601 1262 607 —-
1273 583 1356 625 [con-

131 625 265 665 cludere]
291 628 351 656 Sat.
373 627 400 664 1,
418 626 465 661 10,
488 626 540 662 59,
553 627 677 664 pedibus
697 627 770 665 quid
789 627 926 655 claudere
944 625 1254 666 senis—[Sermoni]
1278 638 1355 666 quo-

131 670 258 699 tidiano.
271 685 312 690 --
325 666 526 707 [sonaturum]
551 668 599 697 Sic
620 669 700 705 apud
717 668 780 697 Cic.
794 677 915 706 semper
930 673 1135 706 praelaturus.
1147 684 1190 690 -—
1202 667 1354 709 [quidam]

133 711 331 742 Grammatici
359 710 567 740 Alexandrini.
615 710 677 739 Cic.
703 711 786 739 Orat.
814 711 864 746 20,
892 711 982 740 Video
1004 712 1095 740 visum
1124 721 1185 741 esse
1209 713 1357 742 nonnullis

131 755 269 784 Platonis
283 758 312 783 et
328 754 490 783 Democriti
504 753 682 787 locutionem,
697 754 753 782 etsi
767 754 847 782 absit
861 763 879 782 α
893 763 987 788 versu,
1004 757 1098 783 tamen
1113 754 1191 792 quod
1203 755 1358 785 incitatius

124 795 248 835 seratur
262 800 291 825 et
306 796 477 825 clarissimis
491 796 643 825 verborum
653 795 814 824 luminibus
829 799 943 833 utatur,
959 797 1058 834 potius
1077 806 1180 834 poema
1191 798 1356 835 putandum

133 849 219 878 quam
234 840 403 868 comicorum
415 842 577 876 poetarum,
598 838 678 875 apud
699 848 769 876 quos
791 839 849 867 nisi
867 838 944 876 quod
964 839 1102 867 versiculi
1120 842 1200 876 sunt,
1223 840 1299 868 nihil
1311 843 1357 870 eet

132 882 215 911 aliud
229 882 394 920 quotidiani
408 881 548 909 dissimile
563 881 708 909 sermonis.
722 896 763 900 —
775 878 944 918 [comoedia]
968 879 1075 918 utique
1090 890 1176 916 nova,
1192 881 1354 911 Menandri

131 930 162 952 et
178 923 372 952 Philemonis.
382 938 425 943 —
438 919 566 961 [merus]
586 923 593 937 ‘
607 922 688 960 quod
711 922 804 960 igitur
824 922 971 951 comoedia
986 932 1085 952 sermo
1099 932 1201 952 merus
1215 929 1270 960 est,
1296 923 1355 954 nisi

132 966 214 1004 quod
230 973 327 995 metro
342 967 379 994 ab
395 965 451 994 hoc
466 964 585 994 differt!

175 1008 308 1039 49-64,
335 1003 705 1047 [Tempora—modosque]
730 1007 738 1022 ‘
749 1007 842 1044 pedes
857 1011 887 1035 et
901 1006 1014 1045 pedum
1029 1007 1136 1036 seriem
1152 1007 1358 1046 rhythmicam

133 1060 203 1080 cum
227 1050 348 1079 caesuris
373 1049 536 1085 legitimis!
550 1047 794 1088 —[Postquam]
821 1049 930 1078 Versus
952 1047 1045 1078 Ennii
1066 1050 1190 1079 testibus
1205 1050 1304 1080 Schol.
1326 1055 1358 1080 et

133 1094 216 1122 Serv.
243 1093 281 1122 ad
309 1093 378 1121 AEn.
409 1091 438 1126 7,
461 1089 709 1130 622.—[Belli]
734 1091 832 1128 imago
859 1091 1016 1129 desumpta
1041 1100 1059 1120 a
1086 1092 1165 1121 Jano
1189 1098 1358 1130 aperto.—

134 1133 239 1174 [etiam
253 1132 387 1174 disjecti]
411 1136 419 1149 ‘
434 1134 501 1162 Non
525 1133 556 1162 in
577 1133 652 1162 meis
670 1133 804 1162 versibus
825 1133 930 1162 solutis
950 1133 1086 1163 invenias
1105 1136 1240 1163 membra
1260 1139 1358 1173 poetae

133 1177 271 1216 quamvis
287 1176 412 1215 disjecti,
439 1181 471 1205 ut
485 1175 621 1204 invenies
636 1175 668 1204 in
685 1176 818 1205 versibus
834 1175 881 1204 his
897 1175 1045 1205 Ennianis
1061 1177 1151 1205 verba
1166 1182 1196 1206 et
1211 1177 1358 1215 imagines

133 1220 276 1259 poeticas,
293 1220 363 1248 licet
379 1219 421 1247 sic
436 1217 635 1256 transponas!

175 1261 309 1292 56—61.
335 1261 555 1298 [Sulcius-——et
572 1257 714 1298 Caprius]
738 1261 757 1275 ‘¹
770 1259 812 1289 Hi
827 1259 964 1289 acerrimi
979 1260 1126 1289 delatores
1143 1258 1189 1300 (id
1204 1266 1258 1297 est,
1281 1271 1358 1300 qua-

135 1303 338 1343 druplatores)
352 1309 381 1332 et
396 1302 537 1332 causidici
553 1302 643 1331 fuisse
660 1302 830 1337 traduntur,
846 1307 876 1331 et
890 1302 959 1332 ideo
973 1303 1056 1339 male,
1066 1303 1152 1332 valde
1167 1305 1260 1339 rauci,
1277 1304 1360 1342 quod

135 1347 167 1376 in
190 1346 383 1376 contentione
400 1345 585 1383 judiciorum
608 1343 755 1373 altissima
775 1353 846 1373 voce
869 1345 1033 1374 clamarent
1053 1343 1247 1384 (assidueque
1269 1355 1358 1376 accu-

137 1387 285 1427 sarent).‘’
330 1389 476 1426 Porphyr.
487 1402 531 1409 —
549 1384 689 1425 [libellis]
714 1387 916 1416 accusatoriis.
931 1403 974 1408 —
990 1385 1186 1427 [contemnat]
1214 1391 1222 1404 ⁴
1234 1388 1359 1418 minime

135 1431 271 1460 metuat!
286 1431 413 1460 —Caeli
435 1427 593 1468 Birrique]
629 1430 648 1445 “
663 1429 774 1458 Caelius
802 1435 833 1458 et
861 1429 978 1458 Birrius
1007 1430 1130 1459 fuerunt
1154 1430 1359 1461 adolescentes

137 1473 280 1513 perditi.''
308 1473 401 1502 Schol.

178 1516 230 1553 62,
244 1515 293 1545 63.
316 1512 411 1554 [pila]
435 1513 517 1543 Ante
532 1515 671 1543 tabernas
684 1513 714 1542 in
729 1513 892 1551 porticibus
906 1514 1064 1542 collocatas
1078 1513 1192 1543 librarii
1207 1514 1360 1545 habebant

132 1560 222 1598 pilas,
237 1559 392 1587 columnas
408 1558 539 1595 porticus
555 1556 747 1590 sustinentes,
768 1556 877 1593 quibus
892 1556 960 1594 pilis
975 1555 1088 1584 indices
1109 1557 1264 1590 librorum,
1284 1567 1360 1595 quos

136 1603 167 1631 in
182 1601 314 1630 tabernis
328 1600 507 1631 vendebant,
520 1598 601 1628 affixi
614 1603 708 1627 erant.
731 1598 768 1627 A.
782 1598 811 1627 P.
823 1597 893 1633 373.
902 1614 944 1619 -
956 1597 1220 1638 [Hermogenisque
1233 1597 1358 1639 Tigelli]

138 1643 249 1672 diversi
266 1643 370 1680 utique
385 1651 402 1670 a
419 1642 459 1670 M.
476 1640 604 1678 Tigellio
619 1640 721 1674 Sardo,
737 1645 807 1669 tunc
822 1646 950 1669 mortuo.

181 1684 314 1719 65—71.
340 1683 393 1723 [In
409 1681 516 1721 medio]
541 1684 548 1698 ‘
562 1683 656 1712 Probe
678 1682 747 1711 novi
773 1692 848 1718 esse,
871 1682 922 1720 qui
939 1683 985 1712 vel
1005 1682 1036 1711 in
1054 1682 1155 1712 medio
1169 1683 1243 1718 foro,
1259 1683 1290 1712 id
1304 1689 1361 1719 est,

139 1728 263 1765 dempta
280 1726 454 1764 hypsi-bola,
478 1734 578 1754 coram
593 1724 727 1753 maxima
742 1725 914 1753 auditorum
935 1725 1046 1754 corona
1065 1726 1199 1755 carmina
1213 1726 1360 1756 recitent)

138 1767 358 1808 —[lavantes]
384 1768 434 1796 ‘in
451 1767 575 1802 balneis,
597 1767 668 1804 quia
684 1766 715 1795 in
736 1767 800 1795 loco
822 1767 966 1796 fornicato
989 1768 1122 1797 suaviter
1145 1774 1263 1797 resonat
1284 1768 1360 1798 reci-

140 1812 232 1842 tantis
255 1810 332 1840 vox.’
345 1827 387 1831 —
400 1807 516 1849 [sensu]
539 1809 701 1838 communi.
726 1810 785 1838 Sat.
810 1808 836 1843 l,
853 1809 882 1843 3,
898 1807 1147 1850 66.—[1nqm·t]
1174 1810 1362 1840 adversarius

139 1854 258 1892 aliquis,
276 1852 293 1882 ὁ
308 1851 480 1892 τυχών.-
493 1850 622 1891 [studio]
639 1853 647 1867 ‘
659 1861 752 1889 quum
769 1861 878 1889 pravus
893 1852 942 1886 sis,
955 1852 986 1880 id
1001 1858 1056 1886 est,
1069 1859 1191 1890 propter
1205 1853 1363 1891 malitiam,

140 1897 244 1927 dedita
258 1897 349 1934 opera
364 1901 454 1932 atque
475 1894 594 1924 assidue
619 1894 674 1923 hoc
696 1894 792 1922 facere
813 1894 889 1923 soles
904 1903 999 1932 eoque
1019 1895 1153 1932 gaudes!
1199 1895 1265 1924 Hoc
1279 1894 1362 1924 enim

144 1940 224 1969 inest
238 1939 268 1967 in
285 1948 311 1966 v.
328 1938 434 1973 studio,
452 1939 459 1953 ‘
472 1938 543 1966 with
558 1936 639 1966 zeal'
653 1952 691 1958 -—
707 1934 766 1975 [est
780 1940 882 1965 auctor
900 1934 981 1976 quis]
1005 1946 1075 1973 non,
1095 1943 1129 1966 ut
1148 1936 1258 1971 Schol..
1274 1937 1362 1976 ‘quis

143 1987 189 2012 est
203 1987 306 2011 auctor
318 1980 341 2010 'l’
365 1980 417 2008 sed
429 1989 438 2009 z
462 1981 469 1995 ⁴
481 1985 566 2008 estne
581 1984 684 2007 auctor
697 1979 806 2016 aliquis
821 1987 924 2007 eorum
940 1984 995 2008 cet.
1005 1979 1029 2008 ‘l'

186 2023 320 2059 73—79.
354 2019 492 2061 [solutos]
524 2019 753 2061 γελωτοποιός,
782 2020 834 2059 qui
862 2021 1024 2050 cachinnos
1051 2030 1171 2050 movere
1196 2022 1306 2051 studet.
1319 2037 1363 2044 —-

146 2064 264 2106 [niger]
290 2068 297 2080 ‘
310 2065 359 2094 hic
374 2070 419 2094 est
433 2063 576 2102 improbis
591 2063 724 2092 moribus
739 2068 768 2092 et
783 2062 898 2101 perfido
913 2063 1054 2100 ingenio!
1066 2078 1107 2084 —
1119 2061 1280 2102 [Romane]
1299 2066 1306 2080 ‘
1317 2064 1363 2093 vir

144 2110 250 2147 probe,
264 2113 297 2136 ut
314 2108 400 2137 decet
419 2116 483 2136 esse
500 2105 692 2134 Romanum!
703 2121 744 2126 -
758 2103 856 2144 [Saepe
879 2103 989 2143 tribus]
1013 2105 1210 2134 “Duodecim
1224 2106 1363 2136 homines

145 2151 179 2180 in
193 2150 342 2185 triclinio;
365 2158 435 2178 nam
450 2149 521 2178 inde
537 2147 701 2177 triclinium
717 2148 829 2178 dictum
846 2153 899 2183 est,
915 2157 955 2177 sc.
971 2157 990 2176 a
1005 2147 1099 2176 tribus
1115 2147 1230 2177 lectis.''
1255 2149 1360 2179 Comm-

149 2194 250 2223 Cr.—
263 2189 452 2232 [quaternos]
476 2191 616 2219 Summus
631 2190 680 2219 hic
695 2199 838 2219 numerus
853 2195 918 2219 erat
937 2189 1017 2228 apud
1039 2189 1176 2219 homines
1195 2191 1362 2228 elegantio-

145 2245 202 2266 res.
215 2251 257 2255 —
271 2231 379 2274 [unus]
405 2234 449 2263 ‘si
465 2242 524 2262 non
540 2233 651 2271 plures,
673 2241 751 2261 unus
773 2233 878 2261 saltem
901 2241 1012 2267 scurra,
1033 2241 1123 2270 quem
1144 2232 1227 2262 dives
1250 2243 1362 2262 mensae

145 2277 289 2308 adhibere
301 2277 385 2312 solet,
395 2282 428 2305 ut
437 2276 558 2314 habeat,
567 2276 650 2313 cujus
657 2274 733 2313 jocis
743 2283 774 2303 se
785 2274 983 2312 convivasque
996 2274 1123 2303 delectet
1129 2274 1217 2303 ·.’—
1225 2273 1361 2315 [quavis]

177 2339 191 2355 θ*
210 2338 301 2369 [amet]
319 2345 374 2362 non
396 2339 462 2367 avet,
481 2337 628 2368 requiritur
645 2344 661 2362 a
678 2336 761 2362 totius
782 2336 913 2362 clausulae
936 2335 1143 2367 constructione,
1166 2342 1216 2362 nec
1238 2336 1363 2362 subsistit

139 2372 222 2397 homo
232 2371 346 2396 mordax
359 2371 388 2395 in
399 2370 456 2396 sola
467 2370 615 2402 cupiditate
626 2370 692 2395 alios
702 2369 838 2401 carpendi.
