1390 2586
387 106 652 136 SATmARUM
682 106 771 135 ΗΒ.
794 106 844 134 11.
866 94 906 133 4.
1223 94 1275 132 41

22 271 25 310 ἶ
79 284 207 312 assrca
225 283 259 310 Sl
280 267 384 310 coelo
404 282 608 323 supponas
630 266 723 308 vina
743 281 902 315 sereno,

22 334 25 338 “
70 325 254 376 οοιιιτηὲ,
276 325 310 367 si
332 324 430 381 quid
451 325 572 366 crassi
594 333 668 373 est,
692 323 928 366 tenuabitur
948 320 1060 372 aura,

22 380 86 429 Et
105 383 276 426 decedet
295 383 393 424 odor
413 382 549 424 nervis
569 382 760 423 inimicus
778 397 789 431 ;
820 389 862 422 at
882 379 951 421 illa

19 440 242 499 {Integrum
263 440 442 496 perdunt
462 439 547 480 lino
567 439 708 481 vitiata
728 453 925 495 saporem.

0 493 270 543 &Surrentina
291 498 402 539 vafer
424 497 495 553 qui
517 497 660 538 miscet
681 498 780 538 faece
806 495 978 537 Falerna
1225 496 1278 534 55

17 554 148 607 'Vina,
172 555 406 598 columbino
429 555 570 596 limum
592 554 698 596 bene
720 553 877 610 colligit
897 568 997 601 ovo3

15 613 244 664 *Quatenus
263 613 345 654 ima
366 612 471 668 petit
491 612 658 653 volvens
679 611 812 653 aliena
833 611 1008 652 vitellus.

15 668 167 715 'Tostis
187 679 436 713 marcentem
457 669 614 726 squillis
635 669 835 710 recreabis
857 677 899 710 et
921 669 1025 711 Afra

28 724 221 772 Potorem
243 728 432 777 cochle53
465 743 556 769 nam
579 727 736 768 lactuca
755 727 913 768 innatat
934 726 1017 768 acri

29 785 129 841 Post
149 787 288 828 vinum
311 785 542 827 stomacho:
567 784 693 840 perna
717 785 846 841 magis
866 800 914 825 ac
934 783 1064 841 magis
1085 781 1193 824 hillis
1223 785 1278 822 60

28 840 210 900 Flagitat
229 844 443 884 immorsus
463 842 575 883 refici
593 858 601 891 ;
636 842 735 897 quin
759 842 894 883 omnia
915 842 1042 891 malit,

14 899 301 957 ‘Quaecunque
322 900 542 942 immundis
564 900 724 941 fervent
743 900 864 941 allata
885 899 1060 955 popinis.

28 952 106 1003 Est
125 974 260 1015 operae
277 958 454 1015 pretium
477 957 651 1013 duplicis
672 972 915 1013 pernoscere
931 957 1038 1013 juris

27 1013 240 1059 Naturam.
303 1015 490 1072 Simplex
512 1031 534 1056 e
556 1014 664 1056 dulci
693 1022 851 1056 constat
872 1015 991 1064 olivo,

12 1071 154 1124 ‘Quod
173 1074 319 1130 pingui
341 1075 510 1115 miscere
532 1087 644 1113 mero
665 1073 880 1128 muriaque
902 1071 1077 1122 decebit,
1225 1074 1278 1112 65

26 1129 123 1175 Non
145 1131 223 1173 alia
245 1146 368 1188 quam
390 1133 471 1187 qua
497 1130 700 1186 Byzantia
720 1131 857 1185 putuit
873 1145 981 1172 orca.

29 1186 124 1242 Hoc
144 1189 215 1230 ubi
235 1189 450 1230 confusum
470 1188 592 1230 sectis
613 1187 809 1230 inferbuit
829 1187 979 1238 herbis,

29 1245 290 1303 Corycioque
312 1261 429 1288 croco
449 1260 632 1302 sparsum
654 1247 782 1295 stet-it,
805 1247 972 1302 insuper
993 1244 1118 1287 addes

27 1302 176 1347 Pressa
195 1303 443 1346 Venafranae
465 1303 572 1359 quod
595 1303 723 1344 bacca·
738 1303 894 1345 remisit
914 1303 1045 1345 olivae.

26 1360 190 1404 Picenis
211 1360 364 1402 cedunt
384 1361 516 1417 pomis
538 1360 731 1401 Tiburtia
752 1375 898 1410 succo;
1226 1363 1279 1402 70

26 1416 136 1460 Nam
157 1419 261 1461 facie
282 1428 487 1474 praestant.
549 1418 766 1459 Venucula
787 1418 980 1460 convenit
1000 1418 1090 1460 ollis
1102 1434 1113 1468 ;

28 1474 201 1518 Rectius
223 1476 428 1518 Albanam
450 1476 563 1517 fumo
584 1475 792 1517 duraveris
814 1491 948 1517 uvam.

28 1530 152 1577 Hanc
172 1549 251 1591 ego
272 1548 365 1575 cum
385 1533 514 1583 malis,
539 1549 618 1590 ego
640 1533 781 1575 faecem
810 1533 965 1589 primus
988 1541 1030 1575 et
1049 1533 1164 1584 allec,

27 1584 192 1633 Primus
214 1599 256 1634 et
275 1591 462 1632 invenior
484 1591 602 1647 piper
621 1591 773 1641 album,
798 1606 890 1632 cnm
911 1591 994 1632 sale
1015 1592 1136 1648 nigro

27 1646 251 1698 Incretum,
273 1649 385 1704 puris
407 1649 745 1704 circumposuisse
767 1649 924 1690 catillis.
1224 1652 1279 1690 75

27 1702 214 1747 Immane
235 1714 298 1748 est
317 1706 477 1756 vitium,
500 1707 595 1748 dare
617 1706 746 1747 millia
768 1714 884 1748 terna
904 1706 1088 1756 macello,

27 1763 304 1820 Angustoque
325 1779 451 1821 vagos
472 1764 602 1820 pisces
624 1779 770 1818 urgere
793 1764 942 1806 catino.

26 1818 189 1877 Magna
209 1830 346 1863 movet
365 1821 572 1863 stomacho
594 1822 766 1871 fastidia,
790 1837 861 1862 seu
883 1837 988 1878 puer
1010 1821 1143 1864 unctis

25 1875 240 1920 Tractavit
261 1878 426 1920 calicem
450 1879 649 1928 manibus,
674 1879 768 1920 dnm
792 1880 899 1920 furta
920 1879 1109 1936 ligurrit3

29 1932 127 1982 Sive
147 1935 285 1992 gravis
306 1937 432 1977 veteri
455 1945 621 1978 craterae
643 1937 762 1978 limus
783 1937 964 1979 adhaesit.
1226 1940 1280 1979 80

24 1990 190 2049 ‘Vilibus
212 1994 254 2034 in
275 1993 421 2049 scopis,
445 1995 486 2034 in
509 1994 678 2050 mappis,
703 1994 744 2035 in
773 1995 909 2044 scobe,
933 2004 1111 2050 quantus

23 2045 230 2149 gonsistit
249 2050 470 2106 sumptus?
501 2052 712 2107 neglectis,
737 2052 940 2108 flagitium
965 2053 1126 2108 ingens.

23 2160 26 2162 -
69 2109 134 2149 en'
157 2108 312 2163 lapides
333 2109 463 2150 varios
485 2109 687 2150 lutulenta
709 2109 851 2150 radere
873 2110 1022 2165 palmei,

27 2181 29 2186 ¹
66 2172 84 2207 t
103 2165 255 2222 Tyrias
277 2165 373 2207 dare
395 2166 545 2207 circum
568 2166 682 2207 illota
704 2167 846 2208 toralia
867 2177 1015 2215 vestes,

71 2221 214 2265 blitum
237 2233 391 2279 quanto
413 2239 550 2265 curam
572 2232 862 2279 sumptumque
885 2225 1084 2265 minorem
1226 2228 1281 2267 85

52 2326 55 2330 ,
110 2295 132 2322 c
151 2280 341 2330 habeant,
366 2289 479 2323 tanto
500 2281 691 2337 reprendi
707 2282 859 2337 justius
881 2282 974 2331 illis,

74 2351 136 2380 uae
156 2338 235 2380 nisi
255 2338 450 2381 divitibus
471 2347 680 2395 nequeant
700 2339 940 2396 contingere
963 2337 1148 2381 mensis?

23 2407 41 2428 1,

17 211 157 375 ιὲυώἱ·
170 209 388 278 perfundat
407 209 541 266 pisces
561 223 727 250 securus
749 208 868 250 olivo.
1221 209 1275 247 50
