1390 2586
380 645 1093 700 EPISTOLARUM

533 773 699 810 LIBER
727 773 943 810 PRIMUS.

381 1034 592 1062 EPISTOLA
623 1037 767 1064 1.—-—-AD
797 1037 1100 1065 MAECENATEM.

131 1117 284 1158 Panna
304 1117 409 1159 dicte
430 1119 541 1169 mihi,
563 1120 717 1162 summa
738 1120 906 1162 dicende
929 1122 1138 1171 Camoena,

131 1175 365 1227 Spectatum
385 1175 491 1224 satis,
515 1185 555 1217 et
576 1176 766 1218 donatum
783 1178 869 1231 jam
889 1177 1001 1227 rude,
1023 1178 1180 1233 quaeris,

131 1229 350 1278 Maecenas,
372 1231 517 1271 iterum
536 1232 703 1287 antiquo
719 1248 783 1273 me
803 1233 1007 1274 includere
1027 1234 1146 1275 ludo:

129 1285 225 1326 Non
247 1285 387 1326 eadem
407 1295 467 1328 est
486 1296 593 1336 aetas,
616 1303 701 1334 non,
716 1303 841 1329 mens,
902 1289 1108 1339 Veianius,
1128 1289 1247 1331 armis

130 1341 320 1382 Herculis
339 1342 388 1383 ad
409 1351 564 1397 postem
585 1344 688 1393 fixis,
710 1344 809 1385 latet
827 1344 983 1386 abditus
1003 1360 1113 1400 agro,
1322 1350 1347 1387 5

128 1396 194 1438 Ne
215 1398 407 1452 populum
429 1400 610 1442 extrema
629 1401 746 1441 toties
767 1410 906 1442 exoret
924 1402 1059 1443 arena.

130 1452 206 1495 Est
225 1454 335 1503 mihi,
357 1464 568 1510 purgatam
589 1457 727 1498 crebro
747 1457 818 1511 qui
837 1465 1024 1511 personet
1041 1472 1201 1499 aurem:

130 1509 250 1551 Solve
270 1520 547 1552 senescentem
568 1520 720 1553 mature
741 1527 858 1553 sanus
879 1528 1042 1567 equum,
1064 1528 1116 1554 ne

129 1565 278 1607 Peccet
296 1566 345 1607 ad
366 1576 590 1608 extremum
610 1568 811 1617 ridendus,
834 1577 875 1609 et
894 1569 963 1610 ilia
981 1569 1112 1611 ducat.

127 1621 251 1662 Nunc
272 1622 407 1677 itaque
428 1633 470 1664 et
489 1638 624 1665 versus
646 1632 687 1665 et
706 1632 838 1665 cetera
857 1624 1007 1666 ludicra
1027 1639 1158 1680 pono:
1298 1629 1347 1667 lo

128 1676 400 1774 Quidhverum
429 1687 549 1734 atque
579 1680 725 1721 decens
754 1695 848 1721 curo
878 1688 919 1722 et
947 1692 1059 1737 roge,
1082 1689 1124 1722 et
1151 1681 1280 1723 omnis
1305 1682 1348 1723 in

266 1748 313 1775 oc
332 1749 441 1775 sum:

130 1789 273 1831 Condo
293 1799 334 1831 et
354 1806 562 1846 compono,
585 1807 675 1847 quae
694 1807 788 1833 mox
809 1793 1043 1848 depromere
1064 1793 1224 1848 possim.

128 1846 193 1886 Ac
213 1861 264 1887 ne
285 1847 386 1887 forte
406 1862 534 1903 roges,
558 1863 638 1903 quo
659 1863 722 1888 me
742 1849 856 1898 duce,
879 1864 959 1904 quo
978 1849 1060 1890 lare
1081 1856 1212 1891 tuter:

128 1901 292 1944 Nullius
311 1903 490 1944 addictus
504 1905 641 1959 jurare
662 1905 703 1944 in
724 1905 845 1946 verba
865 1905 1058 1960 magistri,

130 1957 225 2005 Quo
246 1973 311 1999 me
332 1974 503 2015 eumque
525 1961 628 2016 rapit
649 1969 876 2016 tempestas,
899 1961 1057 2002 deferor
1076 1961 1232 2017 hospes.
1299 1964 1348 2002 15

128 2013 249 2055 Nunc
268 2015 384 2071 agilis
404 2016 468 2066 fio,
492 2025 532 2058 et
551 2031 700 2057 mersor
721 2017 903 2058 civilibus
925 2017 1053 2067 undis,

127 2071 299 2113 Virtutis
320 2087 424 2114 verae
445 2081 576 2114 custos
597 2073 831 2128 rigidusque
851 2073 1032 2115 satelles:

129 2126 250 2168 Nunc
270 2129 311 2168 in
334 2129 531 2184 Aristippi
550 2129 687 2169 furtim
708 2137 910 2184 praecepta
928 2129 1096 2178 relabor,

127 2182 183 2224 Et
202 2184 299 2224 mihi
319 2199 394 2234 res,
418 2201 498 2225 non
519 2200 582 2226 me
603 2186 721 2226 rebus
741 2186 987 2241 subjungere
1008 2200 1139 2227 conor.

129 2239 283 2288 Restat,
324 2248 368 2282 ut
414 2241 474 2282 his
515 2256 592 2297 ego
632 2256 696 2283 me
742 2241 827 2297 ipse
869 2256 1005 2296 regam
1043 2241 1227 2297 solerque
1267 2241 1349 2282 ele-

235 2297 402 2337 mentis:
884 2336 886 2338 ,
1293 2300 1349 2337 20
