1390 2586
118 134 167 172 14
476 142 734 171 SATIRARUM
765 142 851 169 Lm.
875 143 903 168 1.
925 132 964 169 5.

116 243 165 283 In
189 242 485 283 Mamurrarum
508 241 596 282 lassi
619 240 764 280 deinde
788 240 884 281 urbe
906 250 1124 290 manemus,

117 299 297 341 Murena
316 298 523 353 praebente
540 298 715 344 domum,
740 295 939 350 Capitone
960 296 1144 337 culinam.

117 355 283 396 Postera
304 355 370 395 lux
393 355 518 394 oritur
538 353 663 393 multo
684 352 930 408 gratissima:
962 367 1136 407 namque

117 411 271 451 Plotius
293 419 333 451 et
355 410 499 450 Varius
522 410 734 457 Sinuessae,
760 408 1035 463 Virgiliusque
1282 409 1335 447 40

116 467 366 513 Occurrunt3
398 467 554 514 animae,
578 465 716 519 quales
737 479 869 528 neuque
891 464 1138 504 candidiores

115 523 245 563 Terra
265 523 368 570 tulit,
392 537 523 576 neque
546 522 659 576 queis
681 535 744 561 me
765 520 816 560 sit
835 520 1056 560 devinctior
1074 521 1186 572 alter.

116 578 156 619 O
178 579 247 634 qui
268 579 512 633 complexus,
536 586 576 617 et
595 577 742 632 gaudia
762 585 911 631 quanta
931 577 1118 617 fuerunt!

116 634 184 674 Nil
208 650 283 689 ego
304 635 538 675 contulerim
553 633 734 688 jucundo
754 647 872 673 sanus
891 632 1031 672 amico.

116 690 306 731 Proxima
329 691 534 745 Campano
555 689 667 743 ponti
688 704 778 743 quae
798 689 946 737 villula,
969 696 1120 729 tectum
1281 691 1334 728 45

116 746 307 795 Praebuit,
331 755 383 795 et,
407 747 567 800 parochi
589 761 679 799 quae
698 745 858 793 debent,
881 745 991 800 ligna
1011 745 1227 799 salemque.

115 802 227 843 Hinc
248 803 345 843 muli
368 803 519 857 Capuae
541 802 708 842 clitellas
730 809 908 855 tempore
910 779 1100 855 ²3ponunt.

115 858 269 899 Lusum
292 860 323 899 it
347 858 576 923 Maecenas,-
587 858 800 898 dormitum
823 871 900 911 ego
921 856 1222 911 Virgiliusque.

115 914 303 969 Namque
326 915 405 969 pila
429 914 576 969 lippis
567 913 772 954 mimicum
794 922 835 954 et
855 913 992 954 ludere
1013 913 1156 953 crudis.
1187 944 1191 950 .

114 968 226 1011 Hinc
247 986 318 1011 nos
341 971 501 1011 Cocceii
522 970 664 1025 recipit
683 969 914 1024 plenissima
933 969 1038 1018 villa,
1282 971 1335 1008 50
1388 983 1390 986 ·

115 1026 220 1074 Quae
240 1042 359 1082 super
380 1036 440 1068 est
463 1026 590 1067 Caudi
613 1040 824 1080 cauponas.
886 1025 1006 1065 Nunc
1028 1024 1123 1064 mihi
1144 1023 1280 1080 paucis
1358 1062 1362 1068 ,
1388 1026 1390 1055 i

116 1083 314 1123 Sarmenti
336 1098 481 1124 scurrae
502 1097 678 1138 pugnam
704 1081 913 1136 Messique
937 1081 1122 1136 Cicirrhi,

115 1138 249 1187 Musa,
272 1139 390 1179 velim
413 1153 631 1185 memores3
664 1146 704 1178 et
725 1153 804 1192 quo
825 1146 936 1192 patre
958 1145 1075 1178 natus
1097 1147 1266 1191 uterque

115 1194 345 1236 Contulerit
366 1195 466 1236 lites.
530 1169 658 1235 Messi
680 1194 828 1235 clarum
850 1208 979 1249 genus
1001 1193 1122 1241 Osci3

115 1252 315 1291 Sarmenti
337 1251 496 1291 domina
516 1258 658 1291 exstat.
720 1250 786 1290 Ab
808 1249 868 1290 his
889 1249 1106 1304 majoribus
1126 1248 1202 1290 orti
1281 1251 1335 1288 55

113 1307 180 1346 A'd
203 1322 378 1362 pugnam
402 1322 561 1347 venere.
624 1306 739 1346 Prior
762 1307 1020 1347 Sarmentus:
1055 1312 1066 1331 ⁶
1083 1305 1192 1360 Equi
1213 1311 1253 1346 te

114 1362 214 1403 Esse
236 1363 310 1404 feri
331 1363 500 1404 similem
523 1363 636 1404 dico!
699 1362 920 1403 Ridemus:
953 1370 995 1403 et
1014 1362 1100 1416 ipse

113 1418 305 1468 Messius,
331 1425 342 1445 ⁶
358 1419 561 1474 Accipi03'
592 1427 712 1473 caput
732 1427 772 1459 et
793 1426 949 1459 movet:
983 1425 994 1444 ‘
1012 1417 1065 1466 Ο,
1087 1425 1156 1459 tua
1175 1431 1298 1458 cornu

115 1474 169 1515 Ni
191 1476 293 1516 foret
313 1485 474 1516 exsecto
495 1475 602 1515 frons
627 1474 794 1529 (inquit)
819 1474 914 1528 quid
937 1474 1100 1523 faceres,
1123 1488 1213 1514 cum

115 1531 182 1572 Sic
204 1531 367 1572 mutilus
389 1531 583 1571 miniteris
595 1530 625 1571 ’.θ’
688 1534 744 1571 At
764 1530 822 1570 illi
843 1529 949 1571 foeda
969 1530 1134 1570 cicatrix
1280 1532 1334 1569 60

115 1587 295 1628 Setosam
319 1587 405 1631 laevi
429 1588 600 1627 frontem
622 1593 850 1652 turpaverat
869 1586 959 1627 oris.
1128 1599 1132 1602 ·

115 1643 255 1698 Camp
247 1658 366 1683 inum
387 1644 427 1683 in
450 1643 645 1691 morbum,
668 1645 709 1682 in
731 1642 872 1683 faciem
894 1642 1093 1697 permulta
1105 1642 1278 1697 jocatus,

115 1699 320 1740 Pastorem
343 1699 504 1740 saltaret
526 1699 583 1740 uti
607 1699 801 1754 Cyclopa,
824 1698 1012 1753 rogabat3

113 1755 185 1795 Nil
206 1755 263 1795 illi
286 1756 391 1796 larva
413 1764 482 1796 aut
503 1755 662 1810 tragicis
684 1769 784 1809 opus
805 1769 890 1795 esse
912 1753 1127 1795 cothurnis.

113 1811 251 1852 Multa
274 1811 478 1851 Cicirrhus
499 1811 547 1851 ad
570 1813 666 1859 haec,
689 1811 905 1851 donasset
888 1825 1027 1865 Jamne
1049 1820 1228 1851 catenam
1282 1813 1334 1850 65

114 1867 178 1907 Ex
200 1875 292 1908 voto
316 1867 498 1914 Laribus,
522 1865 756 1921 quaerebat?
785 1867 914 1907 scriba
933 1866 1040 1921 quod
1061 1875 1178 1916 esset,

112 1923 308 1964 Deterius
328 1923 453 1963 nihilo
474 1923 646 1964 dominae
660 1924 728 1978 jus
750 1937 847 1963 esse.
910 1923 1098 1978 Rogabat

113 1979 319 2034 Denique,
343 1995 412 2019 cur
434 1994 608 2034 unquam
630 1979 821 2033 fugisset3
853 1979 917 2019 cui
937 1979 1031 2020 satis
1052 1994 1132 2020 una

115 2035 192 2075 Far
197 2051 247 2076 r1s
269 2036 368 2076 libra
389 2037 502 2084 foret,
525 2035 664 2090 gracili
684 2037 753 2082 sic,
777 2043 938 2089 tamque
959 2034 1134 2090 pusillo?

115 2091 281 2131 Prorsus
296 2092 475 2146 jucunde
496 2106 650 2132 coenam
671 2091 932 2145 produximus
951 2091 1072 2133 illam.
1283 2094 1335 2131 70
1375 2107 1377 2109 ·

113 2147 339 2187 Tendimus
362 2148 453 2188 hinc
474 2148 580 2188 recta
606 2148 905 2196 Be11eventum;
928 2147 996 2188 ubi
1011 2146 1173 2188 sedulus
1192 2145 1336 2202 hospes

115 2203 252 2252 Paene,
277 2219 438 2252 micros,
462 2220 481 2267 33
487 2204 568 2310 τξέξ,
593 2204 685 2243 (lum
709 2205 844 2244 turdos
866 2210 996 2244 versat
1015 2203 1055 2243 in
1077 2203 1195 2258 igne.

114 2259 224 2318 Narp
235 2263 343 2317 ῑῐειὲςᾶ
364 2275 434 2314 per
455 2275 479 2300 v
550 2275 632 2299 rem
654 2260 721 2300 dil
711 2275 806 2315 ipso
826 2259 985 2300 flamma
1005 2259 1179 2300 culinam

106 2303 298 2357 Vulcano
318 2331 516 2357 summum
539 2316 777 2372 properabat
797 2315 971 2357 lambere
991 2322 1154 2357 tectum.

22 2448 343 2520 ala-absai*
363 2439 891 2544 &mulla-afwa)
935 2490 1007 2525 μ
1041 2377 1390 2508 (W

106 2546 166 2586 <A
203 2552 316 2586 θύα.
403 2555 744 2586 amma
774 2548 1053 2586 ablatum
1117 2547 1335 2586 asml.-
1376 2585 1382 2586 ⁷
