1390 2586
59 113 128 140 nt.
144 114 182 138 ιι.
200 103 248 147 2.]
499 101 873 134 INTERPRETATIO.
1234 101 1315 145 149

63 206 148 239 ‘cie
163 208 202 238 de
217 207 270 237 Or.
283 206 314 242 2,
329 204 381 241 58,
393 204 510 235 odiosas
523 214 572 234 ree
585 214 673 243 saepe,
690 214 764 244 quas
779 204 964 243 argumentis
981 203 1058 233 dilui
1072 213 1130 233 non
1143 200 1242 242 facile
1258 209 1313 241 est,

57 249 129 292 joco
142 251 262 291 rituque
275 247 419 284 dissolvat,
434 248 474 277 ad
493 247 625 277 nihilum
642 247 764 285 redigit,
781 246 899 277 evertit.
936 246 980 276 Ut
994 246 1045 276 hic
1061 247 1169 276 Cicero
1185 257 1233 278 res
1247 250 1313 278 risu

67 293 224 326 aiamim-n
249 291 336 328 dixit,
360 291 403 321 sic
431 291 578 321 Horatius
604 292 756 321 solventur
778 292 843 322 risu
865 290 987 325 tabulae,
1011 290 1044 319 id
1070 295 1126 325 est,
1149 291 1312 321 sententiae

61 336 202 378 judicum
218 334 363 370 mitiores,
381 334 513 364 leniores
528 334 605 364 fient
619 334 694 372 risu,
716 334 770 363 sed
792 333 958 373 respiciens
981 333 1073 363 simul
1096 333 1134 363 ad
1156 334 1314 373 propriam

68 378 320 419 nignificttionem
334 387 383 406 vv.
398 379 473 407 solvi
488 383 520 407 et
534 378 665 408 tabuloe?
712 377 838 407 Tabula
853 377 947 415 igitur
962 377 1044 406 idem
1062 378 1145 415 quod
1167 377 1200 406 in
1222 388 1314 417 prosa

68 431 116 454 m·
128 421 444 462 tubelloeJudiciat-iae·
463 420 558 451 totius
580 426 684 451 autem
706 420 764 450 loci
787 421 941 450 sententia
962 420 1048 450 haec:
1075 420 1125 450 ‘Si
1145 420 1214 459 quis
1236 422 1314 452 adeo

68 466 179 498 uultu
192 465 259 503 erit,
275 470 311 495 ut
323 469 425 494 tecum
440 464 625 504 injuriarum
647 469 730 502 agat,
747 469 779 493 tu
795 473 851 503 pro
867 469 950 494 certo
964 464 1143 494 absolvere.¹

572 593 733 624 SATIRA
765 594 809 624 11.

68 699 69 702 =
111 680 250 712 Ancum.
275 682 338 711 Sub
357 680 474 717 ofellae,
499 680 604 711 rustici
626 680 797 719 cujusdam,
814 681 946 720 persona⁴
963 685 1116 720 praecepta
1139 680 1243 716 tradit,
1265 680 1319 719 qui

67 725 184 757 nullius
208 724 384 764 philosophi
410 724 557 754 doctrinae
581 724 731 760 addictus,
755 725 906 763 perversis
930 724 1028 754 aetatis
1052 734 1116 754 snae
1140 723 1318 754 hominibus

67 773 203 799 veterem
218 768 303 798 illam
319 767 535 798 abstinentiam
552 773 583 798 et
598 767 807 806 frugalitatem
823 767 980 798 liberrimo
994 767 1236 806 gravissimoque
1252 777 1318 796 ser-

66 821 159 843 mone
171 812 376 846 commendat,
387 821 480 850 quam
494 810 559 850 ipse
572 811 720 850 optimam
732 811 915 850 adjutricem
930 817 1076 850 expertus
1093 816 1159 840 erat
1174 811 1212 840 ad
1229 811 1319 841 beate

67 854 236 885 vivendum
258 859 290 884 et
311 854 359 884 vel
379 854 472 884 totius
494 852 538 884 rei
560 853 720 884 familiaris
736 855 892 893 jacturam
914 864 1003 894 aequo
1026 854 1131 884 animo
1149 854 1318 884 serendam.

68 898 140 929 Zeu
153 907 192 928 ex
207 898 321 928 Heind.
354 897 474 936 Scripta
487 897 609 927 videtur
624 906 655 928 A.
664 906 696 927 U.
705 906 732 927 e.
749 897 821 933 717.

114 941 144 979 l,
158 941 188 972 2.
206 938 308 982 [boni]
325 940 423 970 amica
437 941 586 970 lectorum
608 940 764 971 allocutio.
801 941 863 971 Cfr.
881 941 944 970 Sat.
961 941 990 977 2,
1006 940 1036 976 6,
1053 940 1091 970 51
1109 946 1140 970 et
1155 941 1209 971 95.
1237 940 1318 980 Epp.

69 985 102 1022 2,
117 985 148 1022 2,
161 984 212 1020 37.
257 985 483 1022 Argumentum
506 994 541 1014 ac
563 985 732 1014 sententias
754 994 786 1014 se
810 985 1046 1024 desumpturum
1062 984 1137 1013 dicit
1152 986 1190 1014 ab
1208 983 1318 1020 Ofella,

69 1036 184 1066 easque
205 1028 371 1058 suo-modo
393 1037 629 1066 expressurum3
654 1027 707 1058 cfr.
729 1027 760 1057 in
784 1027 892 1066 primis
913 1038 940 1058 v.
965 1027 1035 1064 112,
1061 1027 1192 1056 Ofellam
1216 1032 1321 1057 autem

68 1070 172 1111 ipsum
180 1071 358 1110 loquentem
366 1070 485 1100 inducit
495 1071 630 1108 demum,
641 1081 669 1101 v.
683 1071 694 1101 1
705 1068 935 1111 16.——[Osella]
950 1071 1054 1103 Quum
1065 1071 1171 1100 Codex
1183 1071 1320 1109 sangall.

69 1114 102 1146 h.
117 1114 140 1145 l.
157 1113 258 1144 firmet
273 1113 407 1144 Bentleii
428 1116 645 1154 conjecturam,
671 1115 731 1151 hic,
748 1124 796 1144 vv,
811 1115 863 1150 53,
882 1114 952 1150 112,
976 1114 1047 1150 133,
1070 1114 1319 1143 substituendam

67 1166 138 1189 ease
152 1157 228 1188 duxi
243 1157 491 1188 terminationem
506 1168 525 1188 a
540 1158 628 1187 alteri
644 1157 676 1187 in
692 1168 735 1194 us,
753 1167 822 1196 quae
838 1157 971 1187 librariis
987 1158 1126 1192 debetur,
1140 1157 1252 1196 quibus
1267 1157 1322 1186 illa

69 1200 104 1231 in
119 1201 184 1231 viro
198 1201 275 1231 falsa
290 1200 462 1236 videretur3
477 1201 529 1230 sed
542 1210 604 1231 non
619 1201 825 1230 meminerant
839 1202 941 1240 gentis
958 1201 1107 1230 Romanae
1123 1210 1236 1230 nomen
1253 1209 1321 1230 esse

70 1243 184 1274 debere
203 1241 339 1283 Ofellius.
381 1244 544 1275 Lucretius
566 1242 664 1283 Ofella
686 1250 874 1274 memoratur
894 1255 912 1274 a
930 1244 1048 1274 Velleio
1065 1244 1094 1280 2,
1111 1243 1161 1279 27,
1179 1244 1321 1282 aliisque.

70 1287 205 1317 videtur
225 1287 319 1317 fuisse
342 1286 461 1316 vicinus
483 1292 514 1316 et
534 1286 694 1317 familiaris
711 1287 834 1317 Horatii
851 1287 988 1327 juvenis,
1003 1287 1049 1316 vir
1063 1287 1186 1326 sapiens
1208 1288 1322 1317 natura

70 1335 165 1369 atque
178 1330 274 1360 insitii
290 1330 413 1366 virtute,
432 1331 518 1369 cujus
540 1331 655 1360 candor
675 1336 825 1369 grataque
848 1331 1028 1370 simplicitas
1046 1332 1156 1369 juncta
1178 1340 1248 1360 cum
1272 1330 1322 1359 in-

71 1373 153 1412 signi
167 1373 270 1413 lepore
293 1373 367 1403 satis
381 1372 490 1403 festive
505 1374 672 1413 opponitur
694 1374 805 1404 Stoicis
825 1373 886 1404 illis
907 1374 1082 1412 aretalogis,
1105 1374 1211 1412 quales
1234 1379 1324 1404 erant

73 1416 235 1456 Crispinus
249 1422 280 1446 et
296 1415 514 1456 Damasippus.

115 1458 210 1491 3—6.
235 1457 418 1500 [abnormis]
435 1469 559 1499 prorsus
574 1459 713 1490 diversus
735 1470 753 1490 a
774 1460 883 1490 norma.
899 1460 964 1496 illa,
982 1469 1075 1498 quam
1091 1460 1202 1498 vulgus
1217 1459 1326 1490 statuit

71 1502 122 1539 iis,
138 1513 215 1543 quos
229 1503 427 1543 philosophos
443 1503 602 1533 nominare
623 1504 718 1533 solet:
742 1503 842 1533 Ofella
863 1503 948 1533 enim
972 1503 1058 1532 nulla
1080 1504 1164 1532 certa
1187 1504 1271 1533 secta
1294 1508 1326 1533 et

73 1546 236 1586 disciplina
254 1546 399 1583 nutritus,
420 1547 474 1576 sed
498 1557 516 1576 a
541 1548 652 1576 natura
675 1547 800 1576 edoctus
823 1552 899 1583 erat,
920 1546 995 1586 quid
1017 1556 1123 1575 verum
1143 1554 1324 1586 rectumque

29 1604 37 1611 ·
70 1597 162 1621 estet.
177 1606 220 1612 —
235 1587 413 1629 [crassaque
435 1588 592 1630 Minerva‘]
611 1591 722 1628 ‘longe
738 1590 854 1620 distans
870 1600 888 1620 a
902 1589 1071 1619 subtilitate
1087 1590 1140 1619 illa
1156 1600 1236 1629 saepe
1253 1599 1323 1629 per-

73 1634 174 1670 versa,
200 1643 292 1672 quam
318 1633 461 1663 affectare
487 1634 587 1663 solent
611 1633 808 1673 philosophi!
853 1633 1055 1663 Proverbium
1079 1635 1191 1670 crassa,
1214 1634 1326 1673 pingui

73 1676 218 1707 Minerva
234 1674 314 1716 (cie.
331 1676 405 1706 Lael.
421 1675 455 1716 5)
471 1686 490 1706 a
512 1677 635 1706 textura
657 1677 727 1707 rudi
750 1677 916 1716 repetitum
933 1682 988 1706 est.
1003 1693 1046 1698 —
1064 1674 1198 1717 [lances]
1215 1686 1326 1706 aureas

73 1724 107 1750 et
127 1725 299 1757 argenteas,
320 1730 436 1750 mensas
458 1729 643 1750 marmoreas
665 1721 712 1750 vel
734 1720 861 1754 citreas3
885 1725 1025 1759 utraeque
1047 1725 1151 1749 autem
1174 1721 1272 1750 nitent
1295 1726 1326 1750 et

74 1762 199 1802 proprio
213 1763 375 1801 splendore
391 1768 423 1792 et
437 1767 526 1792 tersae
539 1773 557 1793 a
572 1763 678 1794 servis.
689 1780 731 1785 —
744 1761 892 1803 [insanis]
910 1765 919 1780 ‘
934 1763 1025 1793 nimis
1040 1763 1182 1802 maguis!
1199 1764 1271 1794 Aer.
1282 1779 1326 1785 —

77 1803 246 1847 [Aet-linis]
266 1805 458 1841 ‘inclinatus,
475 1815 643 1845 propensus
658 1807 697 1836 ad
711 1806 789 1836 falsa
803 1807 981 1846 probanda.’

118 1848 234 1884 7—12.
259 1846 437 1888 [Leporem]
463 1849 559 1878 Grata
575 1850 765 1888 negligentia
787 1850 981 1888 aliquantum
997 1850 1149 1879 intricatae
1166 1855 1238 1879 sunt
1256 1859 1328 1879 sen-

75 1892 182 1923 tentiae
197 1901 253 1931 pro
269 1891 445 1930 vulgaribus
460 1892 520 1922 his:
539 1894 547 1908 ‘
561 1892 733 1923 venatione
746 1898 777 1922 et
792 1893 992 1932 equitatione,
1008 1898 1071 1929 aut,
1087 1893 1111 1922 si
1128 1893 1175 1922 hae
1191 1893 1328 1932 corporis

75 1934 311 1966 exercitationes
326 1945 398 1964 vere
414 1935 562 1965 Romanae
578 1936 633 1966 tibi
657 1946 718 1966 non
735 1937 868 1975 placent,
884 1937 954 1975 pilae
970 1937 1018 1966 vel
1034 1936 1108 1966 disci
1125 1937 1198 1966 ludo
1214 1936 1328 1975 fatiga·

76 1983 127 2008 tus
143 1978 196 2007 ubi
212 1978 283 2014 eris,
298 1983 372 2007 tunc
388 1978 526 2008 esuriens
541 1989 651 2018 sperne
667 1978 709 2019 (si
726 1986 832 2019 potes;
855 1980 909 2009 sed
928 1989 989 2009 non
1014 1978 1144 2018 poteris)
1169 1980 1271 2009 cibum
1294 1989 1330 2010 ac

76 2020 235 2062 potionem
248 2021 362 2050 vilem.'
374 2037 416 2042 ·—-
429 2019 581 2062 [Militia]
596 2022 726 2054 Venatio
742 2024 780 2052 ab
794 2022 939 2060 Aristide,
952 2024 1036 2053 Orat.
1053 2023 1082 2059 2,
1099 2033 1127 2061 p.
1145 2024 1196 2059 25,
1212 2020 1329 2063 μόριον

73 2063 262 2107 πολεμικῆς
276 2061 399 2104 τέχνης
414 2070 548 2095 vocatur.
564 2081 607 2087 —
623 2063 814 2107 [groecari]‘
825 2067 944 2102 Graeco,
961 2066 993 2095 id
1010 2070 1064 2101 est,
1083 2066 1221 2095 molliore
1237 2067 1330 2096 modo

76 2106 181 2138 vivere
195 2117 367 2146 corpusque
383 2117 543 2143 exercere;
579 2108 622 2138 sic
635 2111 822 2149 pergraecari
843 2111 919 2140 est‘
932 2119 987 2148 per
1010 2114 1106 2138 totam
1127 2115 1250 2139 noctem
1272 2119 1329 2148 po-

72 2150 164 2183 nte’
176 2167 220 2173 —
237 2148 305 2191 [seu
317 2152 383 2189 pila
397 2149 496 2191 velo-z]
515 2153 522 2167 ‘
536 2161 589 2181 seu
606 2151 669 2191 pila
684 2158 714 2182 te
729 2154 795 2192 agit
813 2154 821 2169 ‘
831 2152 928 2189 ducit,
950 2152 1054 2182 allicit'
1072 2158 1145 2182 tuuc
1157 2153 1228 2182 lude
1243 2152 1330 2192 pila.¹

75 2201 123 2222 >u-
135 2191 305 2234 [Molliter]
323 2195 331 2210 ‘
342 2194 415 2223 dum
431 2194 569 2224 studium
589 2195 682 2234 hujus
704 2196 768 2225 ludi
784 2202 871 2234 grato
887 2196 979 2225 modo
994 2195 1097 2231 efficit,
1113 2201 1146 2226 ut
1162 2206 1201 2226 ne
1216 2196 1331 2226 sentias

75 2236 206 2276 qudem
222 2247 314 2275 quam
331 2237 432 2275 gravis
448 2247 503 2276 per
518 2247 550 2267 se
565 2236 604 2267 sit
626 2238 711 2268 labor
726 2238 798 2268 ille:

74 2286 86 2306 i
126 2279 259 2316 18-17.
286 2278 390 2320 [pete]
416 2280 492 2310 ‘hoc
513 2281 604 2310 modo
628 2287 657 2311 te
678 2282 807 2312 exerce.'
854 2282 970 2312 Addita
987 2287 1090 2312 autem
1106 2282 1236 2312 cedentis
1252 2283 1333 2312 aeris

166 2323 216 2354 'ne
242 2323 318 2354 vitat
343 2324 494 2364 pedestris
518 2334 561 2355 or.
590 2325 744 2398 colorelaeim3:
772 2326 863 2356 ‘lude
888 2325 992 2356 disco.'
1011 2342 1052 2349 —
1071 2323 1256 2366 [extuderit]
1285 2335 1332 2365 pr.
