1390 2586
33 94 35 98 ¹
55 116 84 149 3
135 95 312 140 mouns]
518 86 895 128 mraai’nam'rm.
1255 92 1349 136 293

93 224 99 231 ‚
145 215 160 225 ιν
178 217 182 221 »
203 209 264 239 par
274 199 348 239 part*
370 200 507 240 urgebo
527 200 624 229 virum
639 198 764 239 Magnis
786 197 963 233 catallis,
985 206 1086 226 verum
1102 199 1135 226 ut
1150 206 1232 226 omne
1246 206 1343 227 enun-

152 258 198 265 —
231 241 437 283 perspexisse]
461 243 607 282 ‘penitus
624 252 714 272 nosse
729 241 930 271 vehementer
946 239 1098 278 cupiunt?
1110 255 1151 260 —
1168 236 1240 279 [sub
1255 241 1344 279 vulpe

73 310 75 313 .
98 300 124 316 «e
174 296 206 317 ee
248 286 366 316 ‘dolosi
387 296 422 316 ac
447 286 607 325 duplices.'
654 285 785 315 Ruhnk.
813 284 853 314 ad
878 284 960 313 Tim.
983 284 1018 312 L.
1042 283 1085 312 Pl.
1108 293 1138 322 p.
1155 282 1228 319 214,
1257 283 1342 323 Lips.

64 327 174 369 &fir-bv
190 327 386 366 ἀλωπεκῆν·
402 327 468 366 τὴν
483 327 707 369 πανουργίαν.
750 328 956 358 Notissimum
973 332 1019 356 est
1038 326 1190 365 Lysandri
1209 326 1344 363 dictum,

54 369 166 405 δην
194 370 216 410 ἡ
245 371 369 410 λεοντῆ
400 371 448 413 μὴ
478 370 666 413 ἐφικνεῖται,
695 367 934 413 προσραπτέον
959 366 1022 399 ἐκεῖ
1052 369 1118 407 τὴν
1146 367 1343 407 ἀλωπεκῆν.

58 410 240 453 γ’Δλῶπηξ
267 422 373 446 autem
399 417 513 446 dicitur
542 426 599 455 pro
628 416 709 454 pelle
737 415 879 454 vulpina,
908 419 943 443 ut
967 410 1055 444 λέων
1080 423 1136 453 pro
1166 413 1248 452 pelle
1277 414 1344 443 leo·

0 456 4 458 ’
50 452 65 478 7
78 458 167 495 nina,
189 460 246 490 &c-

66 519 91 535 ρ.
122 501 303 538 437—443.
337 499 539 542 [Quinctilio]
565 501 759 532 Assentatori
783 510 867 531 nunc
890 500 1020 540 opponit
1039 500 1207 538 imaginem
1231 499 1346 530 sinceri

0 536 7 540 ”
51 571 53 574 .
79 545 179 577 tritici
205 546 270 586 (vv.
285 546 483 583 433-452)‚
508 552 540 575 et
562 551 595 574 ut
616 546 709 575 talem
732 545 839 574 laudat
856 544 1064 577 Quinctilium
1082 544 1198 572 Varum
1216 544 1347 573 Cremo-

30 615 41 631 a
78 592 222 626 murem.
237 591 326 628 cujus
345 595 478 619 mortem
495 589 580 628 luget
595 590 653 619 Od.
672 588 699 623 l.
716 589 756 618 24
778 587 827 627 (A.
840 596 870 618 u.
884 596 912 617 c.
929 586 1019 627 730).
1030 604 1074 608 —
1086 585 1178 627 [male
1195 584 1345 626 tornatos]

27 639 38 670 ’,
81 631 214 672 copiose
230 633 296 663 Fea
308 632 456 663 refutavit
477 633 656 662 Bentleium
679 632 921 662 contendentem
943 635 1058 661 tornum
1081 636 1111 660 et
1127 631 1262 660 incudem
1278 640 1347 660 esse

79 684 132 707 rea
153 675 302 712 diversae,
330 686 400 715 quae
424 676 571 715 conjungi
596 685 658 705 non
686 675 822 714 possint3
846 684 949 713 neque
975 684 1048 704 vero
1073 674 1120 703 vel
1140 683 1239 702 unum
1261 673 1347 712 apud

81 723 202 750 veteres
221 719 386 758 scriptores
410 720 512 749 locum
530 725 662 754 exstare,
685 729 747 758 quo
764 723 866 748 cornus
885 718 1020 747 metallis
1040 717 1238 747 elaborandis
1255 717 1348 747 adhi-

79 762 201 793 beatur.
247 763 311 793 Fea
326 763 416 793 affert
438 763 558 792 VitruV.
582 762 630 799 10,
650 762 709 792 12:
734 762 853 792 Emboli
868 762 993 791 masculi
1008 771 1044 791 επ
1057 771 1127 797 are,
1152 765 1235 790 torno
1246 761 1349 800 politi,

39 814 51 823 -’
81 810 115 837 et
129 806 338 836 instrumenta
352 807 492 845 antiqua,
507 807 545 835 ab
562 806 629 845 ipso
647 806 755 835 Romae
770 805 898 835 visa.-—
908 804 1003 834 Nulla
1017 810 1122 834 autem
1139 804 1350 843 repugnantia

81 854 130 880 est
143 848 177 880 iu
194 859 242 880 vv,
265 853 399 880 tornatos
414 851 517 880 incudi
533 850 658 880 reddere
669 860 679 878 :
704 859 776 878 nam
796 849 821 878 si
837 848 942 877 minus
962 854 1045 877 recte
1069 857 1146 886 opus
1168 857 1259 876 suum
1275 857 1347 887 per-

47 928 49 931 v
82 891 207 923 fecisset
221 892 334 923 artifex
357 893 391 922 in
414 893 532 922 metalli
555 892 747 922 ornamentis
765 897 854 922 torno
871 892 1078 925 elaborandis,
1103 896 1349 920 consentaneum

47 945 50 946 ⁷
82 940 161 972 erat,
185 936 268 966 utin
283 936 397 966 incude
418 936 547 966 marculi
567 936 680 965 ictibus
700 935 807 965 onmia
830 935 1024 972 tollerentur,
1049 941 1093 970 ut,
1119 944 1216 973 quum
1238 939 1348 964 rotun-

85 979 194 1009 datum
215 984 297 1010 esset
312 980 483 1016 metallum,
500 980 603 1009 denuo
625 985 714 1008 torno
730 979 952 1008 includeretur.
1000 979 1148 1007 Ceterum
1165 978 1350 1016 metaphora

82 1027 132 1053 est
144 1022 307 1061 frequens:
333 1023 410 1053 Plat.
427 1023 548 1053 Phaedr.
573 1033 603 1061 p.
619 1022 692 1058 234,
712 1022 760 1058 E„
784 1019 976 1062 στρογγύλα
994 1021 1046 1051 καὶ
1065 1018 1211 1061 ἀκριβῶς
1226 1018 1351 1052 ἕκαστα

83 1065 154 1097 νῦν
168 1062 347 1107 ὀνομάτων
362 1064 655 1106 ἀποτετόρνευται.
694 1066 832 1105 Propert.
844 1066 873 1096 2.
890 1066 942 1100 34,
957 1066 1008 1101 43,
1029 1065 1128 1103 Incipe
1135 1064 1205 1104 jum
1222 1070 1353 1104 angusto

20 1143 21 1146 Ἰ
38 1151 39 1154 ¹
83 1119 187 1140 verm
204 1110 359 1140 includere
374 1114 465 1140 torno.
512 1111 698 1149 Conjectura
713 1115 818 1139 autem
835 1113 920 1139 natos
936 1109 1127 1147 significaret
1142 1117 1208 1137 rem
1225 1118 1352 1147 prorsus

83 1151 245 1184 fortuitam
271 1158 304 1183 et
327 1157 374 1184 ter
394 1158 480 1183 natos
505 1153 691 1183 inconcinne
720 1153 837 1182 dictum
864 1152 997 1181 videtur.
1008 1168 1050 1173 ——
1062 1149 1208 1191 [vertere]
1237 1152 1275 1181 ab
1303 1161 1351 1188 eo,

85 1196 170 1235 quod
184 1196 330 1226 dicebant
342 1197 444 1227 nilum
458 1201 574 1227 vertere
587 1207 597 1230 ,-
621 1198 629 1211 ‘
641 1202 763 1226 mutare
779 1201 809 1225 et
826 1195 1000 1234 corrigere)
1012 1211 1054 1216 —
1069 1192 1351 1234 [Quin—amares]

34 1245 39 1247 ’
83 1239 120 1270 Si
142 1239 333 1272 Quinctilius
362 1239 429 1279 ipse
455 1239 536 1270 hanc
559 1239 748 1270 sententiam
773 1239 1016 1278 pronuntiasset,
1043 1239 1183 1273 dixisset,
1227 1239 1352 1271 Quin—-

85 1293 194 1318 omae.-
226 1282 278 1313 hic
303 1293 375 1313 cum
404 1285 470 1322 ejus
502 1283 648 1322 cogitatio
679 1288 801 1312 tantum
832 1282 1036 1321 significatur,
1070 1281 1220 1311 Horatius
1251 1282 1352 1311 utitur

18 1340 19 1343 =
85 1326 292 1366 conjunctivo.
346 1326 410 1356 Alii
437 1327 542 1357 minus
571 1332 643 1366 apte
672 1326 849 1366 explicant:
886 1327 967 1356 ‘non
997 1325 1189 1364 impediebat
1217 1330 1258 1361 te,
1289 1334 1354 1364 quo

85 1369 374 1400 minus—amares:

130 1412 309 1444 444-451.
338 1410 483 1453 [inertes]
511 1413 594 1443 ‘sine
618 1419 684 1443 arte
706 1418 737 1443 et
759 1412 911 1452 gravitate
937 1411 1055 1442 factos.’
1089 1411 1196 1442 Comm.
1217 1412 1267 1441 Cr.
1313 1412 1352 1442 In

85 1456 196 1496 primis
214 1456 370 1496 significat
389 1457 514 1493 otiosos,
530 1457 608 1486 nihil
630 1457 781 1494 dicentes,
807 1457 891 1495 quod
906 1465 1096 1495 magnopere
1113 1455 1152 1485 ad
1168 1464 1233 1484 rem
1250 1455 1353 1485 faciat.

38 1499 41 1503 “
84 1497 329 1540 -—[incompeis]
359 1499 482 1530 ‘minus
503 1500 698 1539 elegantibus
714 1506 839 1540 propter
859 1500 953 1529 verba
973 1499 1105 1528 humilia
1123 1504 1155 1528 et
1169 1495 1297 1539 ἇκυρα.’
1309 1514 1354 1520 --

53 1581 57 1583 -
88 1539 273 1584 [Tmoerso]
299 1544 308 1559 ¹
319 1544 409 1573 obelo
425 1545 531 1573 verssss
553 1544 643 1574 initio
662 1544 804 1583 apposito
821 1542 870 1582 (id
891 1543 974 1581 quod
991 1543 1072 1572 inest
1087 1542 1119 1571 in
1138 1552 1163 1571 v.
1180 1543 1308 1578 adimet,
1323 1546 1354 1572 to

85 1587 182 1618 atrike
192 1591 253 1623 out,
263 1584 363 1626 erare)
379 1586 566 1625 significabit
577 1597 701 1617 versum
712 1597 778 1617 esse
789 1586 980 1617 delendum!
988 1603 1030 1609 —-
1039 1584 1226 1625 [Ambitiosa
1239 1586 1355 1616 recidet

33 1652 39 1659 ‚
86 1627 280 1670 ornamenta]
297 1631 306 1646 ⁴
316 1629 445 1669 Figuras
457 1631 641 1661 elocutionis
653 1637 684 1660 et
695 1631 847 1669 imagines
858 1636 984 1669 propter
996 1629 1027 1658 id
1038 1629 1258 1658 tantummodo
1268 1639 1354 1667 quae-

86 1673 173 1708 sitas,
191 1683 254 1712 quo
266 1673 404 1703 novitate
419 1681 450 1703 et
465 1675 596 1704 audacia
610 1675 753 1714 placeant
766 1674 945 1711 lectoribus,
960 1683 1057 1712 quum
1070 1672 1201 1702 veritate
1216 1678 1354 1708 careant,

8 1704 9 1707 Ἰ
39 1759 42 1760 ⁷
87 1716 184 1747 recidi
192 1716 338 1756 jubebit.’
362 1717 442 1756 Epp.
455 1718 485 1753 2,
495 1718 525 1752 2,
540 1717 610 1748 122.
623 1717 700 1758 (121
714 1718 824 1747 harum
836 1715 970 1755 eclogg.)
983 1717 1170 1746 luxuriantia
1181 1720 1353 1754 compescet.

86 1774 131 1782 -—
142 1757 296 1800 [Arguet]
326 1761 334 1776 ‘
350 1760 422 1799 ipsa
438 1761 680 1800 reprehensione
696 1761 776 1790 clare
792 1760 1018 1790 demonstrabit
1034 1759 1212 1798 hujusmodi
1230 1759 1354 1798 amphi-

87 1803 186 1833 belias
214 1803 357 1833 vitandas
385 1804 530 1834 esse.'—
549 1801 729 1845 [mutanda]
775 1804 843 1834 Hoc
871 1803 1005 1833 refertur
1035 1804 1074 1832 ad
1104 1802 1229 1840 singula
1258 1803 1355 1832 verba

87 1855 259 1885 eorumque
283 1847 445 1882 ordinem;
474 1847 513 1877 de
540 1848 613 1877 totis
639 1848 724 1877 enim
750 1848 888 1877 versibus
916 1846 1107 1884 corrigendis
1131 1846 1206 1875 satis
1231 1845 1354 1876 dixerat

46 1908 50 1910 -
87 1898 137 1920 vv-
151 1889 330 1920 444—446.
342 1907 386 1911 —
399 1888 632 1932 [Aristarchus]
658 1893 667 1907 ‘
682 1891 820 1921 Omnino
843 1890 902 1920 erit
921 1891 999 1920 alter
1017 1889 1238 1926 Aristarchus,’
1266 1891 1355 1929 cujus

35 1942 39 1972 ζ
88 1937 125 1964 ut
148 1934 263 1964 summi
289 1933 387 1963 critici
414 1944 527 1964 nomen
551 1934 584 1964 in
610 1934 810 1973 proverbium
835 1934 962 1964 abierat.
1009 1933 1073 1962 Cic.
1100 1933 1140 1962 ad
1166 1933 1230 1962 Att.
1255 1932 1282 1968 l,
1302 1932 1354 1970 ll,

87 1986 221 2008 mearum
245 1978 413 2007 orationum
437 1981 470 2007 tu
494 1979 693 2008 Aristarchus
712 1988 752 2008 es.
765 1994 808 1999 —
821 1975 895 2017 [non
910 1974 1007 2016 dicet]
1037 1978 1044 1991 ‘
1058 1976 1202 2014 quocirca
1223 1975 1274 2005 hic
1290 1981 1355 2005 tam

39 2051 43 2054 ,
86 2028 216 2050 severus
231 2020 356 2050 criticus
377 2030 539 2059 nunquam
560 2021 698 2060 profecto
719 2021 821 2050 dicet!
835 2036 879 2042 —
893 2019 941 2060 [in
957 2017 1063 2060 nugis]
1093 2020 1145 2048 ‘in
1161 2020 1253 2048 rebus
1276 2019 1354 2048 levi-

88 2062 189 2100 culis}
213 2069 248 2093 ut
267 2069 315 2093 est
335 2073 417 2093 unus
438 2065 555 2093 alterve
573 2064 744 2094 versiculus
760 2063 1002 2103 reprehensione
1023 2064 1147 2101 dignus.
1194 2063 1258 2092 ‘At
1281 2071 1356 2092 vero

48 2105 50 2107 ’
88 2105 140 2138 hae
154 2106 230 2145 ipsae
245 2115 338 2145 nugae
353 2107 386 2136 in
401 2108 495 2137 causa
509 2113 612 2143 erunt,
627 2114 663 2138 ut
679 2108 797 2138 amicus
812 2107 845 2136 in
862 2107 994 2136 eandem
1012 2106 1223 2144 turpissimam
1240 2105 1356 2135 famam

89 2149 219 2187 incidat,
235 2159 305 2188 quae
327 2156 490 2189 persecuta
505 2156 552 2180 est
565 2151 660 2181 etiam
675 2152 759 2191 apud
774 2152 987 2190 posteritatem
1005 2149 1191 2187 Choerilum,
1213 2149 1356 2185 Bavium,

91 2192 261 2228 Maeviuuu
285 2194 368 2232 quod
383 2194 495 2223 merito
509 2195 620 2224 serium
634 2196 745 2225 malum
760 2194 821 2224 dici
839 2194 1002 2225 debet.¹-
1014 2190 1179 2233 [derisum]
1203 2193 1240 2222 ‘a
1255 2202 1357 2232 popu-

89 2235 208 2267 laribus
219 2236 284 2266 suis
299 2236 486 2276 explosum.’

135 2279 314 2311 452—455.
343 2280 381 2309 In
403 2280 537 2319 epilogo,
553 2287 588 2310 ut
606 2281 684 2311 solet
711 2279 780 2319 (cfr.
798 2281 839 2311 ad
863 2281 945 2319 Epp.
964 2280 994 2315 2,
1015 2279 1041 2315 1,
1058 2277 1168 2318 extr.),
1191 2279 1357 2308 ridiculam

91 2322 238 2363 proponit
252 2323 423 2361 imaginem
443 2330 542 2363 poetae
562 2334 687 2363 prorsus
703 2324 808 2354 vesani
829 2330 860 2354 et
875 2325 914 2353 ab
929 2324 1073 2352 omnibus
1095 2323 1187 2352 derisi
1213 2322 1274 2362 (VV.
1295 2321 1358 2352 453

51 2392 53 2394 ,
90 2365 225 2407 —476.)
245 2382 290 2388 --
312 2363 446 2407 [morbus
474 2365 593 2408 regius]
640 2369 767 2398 morbus
796 2372 958 2406 atqu-atus,
997 2366 1134 2408 ἰ’κτερος,
1164 2363 1357 2406 (jaundice.)
