1390 2586
384 90 706 119 EPISTOLARUM
736 90 824 118 Lm.
847 90 878 118 1.
902 78 967 118 18.
1248 78 1301 118 77

44 193 144 236 Non
165 193 293 236 cuivis
314 191 470 234 homini
492 191 696 249 contingit
715 191 826 234 adire
850 190 1108 233 Corinthum.

46 250 175 302 Sedit,
197 250 268 307 qui
290 250 440 300 timuit,
464 265 515 291 ne
538 265 618 291 non
640 250 899 298 succederet3
933 258 1041 291 esto:

45 308 174 359 Quid,
197 307 269 364 qui
289 308 490 364 pervenit,
513 308 664 350 fecitne
687 306 889 350 viriliter?
951 308 1083 363 Atqui

44 365 131 409 Hic
169 374 243 415 est,
283 374 355 407 aut
394 380 608 422 nusquam,
651 365 761 421 quod
801 365 1047 421 quaerimus:
1092 363 1158 405 hic
1197 378 1300 406 onus

157 423 308 473 horret,

45 481 110 524 Ut
127 481 263 537 parvis
282 480 429 522 animis
450 492 492 523 et
512 496 636 537 parvo
657 495 825 536 corpore
847 480 924 536 maj
933 495 976 521 us
994 495 1003 520 ε
1246 482 1300 520 40

46 538 132 581 Hie
150 538 260 581 subit
280 547 322 580 et
342 539 508 594 perfert.
572 539 658 579 Aut
682 539 810 579 virtus
831 553 979 578 nomen
1003 537 1122 579 inane
1145 544 1219 587 est,

45 596 134 639 Aut
154 596 279 638 decus
299 604 342 638 et
362 596 538 651 pretium
560 604 671 637 recte
693 596 797 651 petit
818 595 1035 651 experiens
1056 595 1130 636 vir.

47 653 196 696 Coram
218 669 316 710 rege
337 654 409 695 sua
431 654 482 695 de
504 662 743 709 paupertate
766 661 947 694 tacentes

47 711 148 754 Plus
169 719 361 768 poscente
383 712 539 752 ferent:
572 710 705 761 distat,
729 726 917 752 sumasne
939 710 1154 766 pudenter,

45 768 116 811 An
137 769 294 825 rapias3
325 769 439 824 atqui
461 776 740 824 rerun1.capnt
762 769 837 810 hoc
859 777 957 818 erat,
981 777 1023 810 et
1043 770 1145 810 fons.
1246 770 1301 809 45

26 870 31 887 ζ
48 825 239 868 Indotata
259 826 357 867 mihi
378 841 488 868 soror
508 835 582 876 est,
605 826 854 882 paupercula
874 835 1016 875 mater,

48 882 106 925 Et
124 884 274 925 fundus
294 899 371 925 nec
393 883 620 934 vendibilis,
644 899 719 925 nec
740 899 904 939 pascere
927 883 1079 934 firmus,

48 940 136 990 Qui
157 941 268 991 dicit,
291 941 450 991 clamat,
474 941 642 983 Victum
664 941 756 983 date
774 958 782 982 :
816 941 990 983 succinit
1009 941 1124 992 alter,

27 997 106 1040 -Et
127 999 223 1040 mihi
246 998 412 1040 dividuo
433 999 611 1041 findetur
633 1015 802 1040 munere
823 999 988 1055 quadra.

50 1056 132 1098 Sed
155 1056 300 1098 tacitus
321 1056 431 1113 pasci
451 1056 485 1098 si
507 1072 651 1099 corvus
672 1066 820 1113 posset,
845 1057 1014 1098 haberet
1248 1059 1302 1097 50

34 1112 150 1166 ,Plus
169 1113 296 1172 dapis,
320 1122 362 1156 et
381 1114 481 1156 rixae
503 1114 631 1157 multo
652 1115 787 1157 minus
807 1114 1068 1171 invidiaeque.

305 1376 520 1405 EPISTOLA
550 1376 799 1404 XV111.—AD
830 1375 1050 1404 LOLLIUM.

53 1463 98 1508 Si
118 1463 224 1507 bene
245 1471 286 1506 te
307 1464 415 1515 novi,
438 1473 610 1514 metues,
634 1464 841 1506 liberrime
866 1464 987 1513 Lolli,

53 1522 282 1565 scurrantis
302 1523 480 1579 speciem
503 1522 698 1578 praebere,
722 1522 924 1578 professus
946 1522 1134 1564 amicum.

51 1577 129 1622 Est
149 1579 243 1621 huic
263 1579 468 1622 diversum
490 1580 590 1622 vitio
611 1580 755 1621 vitium
779 1596 907 1636 prope
930 1582 1075 1636 majus,

52 1637 265 1693 Asperitas
285 1638 457 1695 agrestis
477 1646 520 1679 et
539 1638 785 1679 inconcinna
805 1638 1038 1693 gravisque,

26 1696 32 1697 ’
53 1693 161 1744 Quae
180 1710 223 1736 se
245 1695 504 1737 commendat
524 1696 639 1737 tonsa
661 1705 767 1745 cute,
791 1696 982 1737 dentibus
1003 1695 1112 1745 atris,
1283 1699 1308 1737 5

53 1750 168 1794 Dum
190 1753 279 1794 vult
299 1753 463 1794 libertas
484 1753 562 1794 dici
583 1768 708 1803 mera,
733 1768 910 1808 veraque
934 1754 1073 1795 virtus.

33 1823 35 1826 ·
53 1808 196 1851 Virtus
217 1818 280 1851 est
300 1810 479 1852 medinm
501 1811 691 1852 vitiorum
715 1819 756 1852 et
778 1812 970 1867 utrinque
994 1812 1219 1853 reductum.

29 1903 35 1919 2
54 1866 174 1909 Alter
193 1867 235 1908 in
257 1867 499 1924 obsequium
522 1869 613 1924 plus
633 1884 752 1924 aequo
773 1884 925 1924 pronus
947 1878 989 1911 et
1009 1869 1081 1910 imi

27 1931 41 1968 μ’
52 1921 227 1966 Derisor
247 1925 355 1975 lecti,
378 1925 436 1967 sic
457 1934 601 1967 nutum
623 1926 759 1967 divitis
781 1926 928 1975 horret,

25 1981 126 2030 {Sic
145 1983 266 2024 iterat
286 1998 418 2031 voces,
441 1991 483 2025 et
503 1984 628 2025 verba
649 1983 834 2025 cadentia
857 1984 975 2034 tollit,
1260 1986 1310 2025 lo

19 2035 119 2141 {Ut
138 2055 311 2095 puerum
333 2055 440 2082 saevo
461 2041 601 2082 credas
622 2041 772 2083 dictata
793 2042 986 2097 magistro

23 2147 33 2150 Ν
54 2094 262 2147 Reddere,
285 2099 349 2138 vel
372 2106 507 2153 partes
528 2098 697 2139 mimum
722 2096 891 2140 tractare
913 2098 1125 2140 secundas.

17 2152 176 2213 g'Alter
196 2154 352 2196 rixatur
373 2155 423 2196 de
445 2155 536 2196 lana
558 2171 666 2211 saepe
688 2157 869 2211 caprina,

57 2209 300 2269 Propugnat
322 2212 442 2268 nugis
463 2223 663 2254 armatus:
700 2213 878 2262 Scilicet,
903 2222 948 2255 ut
970 2229 1050 2254 non

16 2264 33 2294 θ’
59 2266 124 2311 Sit
143 2269 242 2310 mihi
263 2270 393 2326 prima
414 2270 527 2319 fides,
552 2279 605 2319 et,
629 2285 724 2311 vere
746 2271 852 2326 quod
877 2271 1022 2326 placet,
1044 2279 1089 2312 ut
1109 2286 1188 2313 non
1266 2275 1316 2313 15

60 2326 224 2369 Acriter
245 2327 447 2370 elatrem?
509 2328 698 2370 Pretium
719 2338 816 2370 aetas
836 2329 963 2371 altera
983 2329 1132 2372 sordet.

661 2399 686 2426 E
707 2389 735 2428 3
