1390 2586
189 93 272 135 214
612 91 976 123 INTERPRETATIO.
1279 0 1390 139 [¹²⁷2

233 193 363 224 18—21.
389 189 541 231 [divellat]
567 191 753 230 Exquisitior
768 200 839 220 sane
853 190 942 220 lectio
959 199 1048 228 quam
1063 189 1198 228 depellat.
1241 189 1322 220 Illud
1340 181 1390 238 ᾧ

189 237 300 271 nificat,
323 238 482 264 ‘somnum
505 234 603 263 subito
626 233 829 270 interrumpit,
853 241 967 270 nosque
982 232 1093 262 excitat
1104 232 1122 266 ς’
1145 232 1213 268 hoc,
1237 234 1310 262 ‘nos
1333 233 1390 267 ὀὴ

188 280 264 308 mire
290 288 349 307 non
377 277 521 306 sinit.’-—-
533 273 854 315 [Libycis—lapillis]
878 274 1027 312 Loquitur
1046 275 1083 303 de
1103 274 1283 312 pavimentis
1300 268 1386 317 0218}

189 318 358 359 στρώτοις)
367 319 523 348 tessellatis
534 325 562 347 et
573 318 774 347 vermiculatis
785 326 823 346 ex
833 326 980 346 marmore
992 316 1152 346 Numidico
1162 318 1256 346 caesim
1266 318 1387 357 dimin*

190 363 315 401 (Appul.
334 362 408 391 Met.
424 362 455 396 5,
470 371 498 399 p.
518 360 588 396 237,
606 358 738 398 Wouw.)
764 358 884 397 (mosaic
902 357 1131 397 pavement).—
1143 356 1231 397 [olet]
1255 362 1390 396 quateq'j'·

187 406 310 434 floribus
334 404 381 432 vel
406 403 572 441 liquoribus
597 402 728 432 odoratis
754 403 972 440 spargebantur
995 400 1087 430 etiam
1110 397 1384 443 pavimenta—[³5

187 445 274 486 vicis]
295 446 394 481 Urbis,
407 445 438 474 iu
451 455 524 483 quos
535 455 613 483 aqua
624 454 661 474 ex
676 444 794 482 magnis
806 454 891 482 aquae
903 442 1041 473 ductibus
1055 452 1108 481 per
1119 443 1234 472 fistulas
1248 443 1390 481 plumbw

187 500 210 518 s.
229 490 348 518 tubulos
364 489 538 517 ducebatur.
549 503 590 508 —
604 485 765 526 [trepidat]
789 488 796 502 ‘
809 487 998 515 continenter
1011 490 1041 514 et
1057 485 1192 514 celeriter
1207 484 1319 515 currit?
1341 484 1390 521 (δὲ

187 533 244 561 Od.
261 532 290 566 2,
308 531 337 565 3,
357 530 403 560 ll.
1358 543 1366 560 =‚

230 575 280 608 22,
293 573 340 602 23.
364 570 508 611 [Nempe]
526 572 603 601 inest
615 571 718 600 ironiae
730 570 968 608 significatio.—
979 567 1071 609 [inter
1083 570 1233 599 varias—
1243 571 1390 605 columma.

188 615 340 654 Loquitur
358 617 394 644 de
415 615 572 652 peristylio
596 618 748 643 exstructo
771 622 808 642 ex
829 612 976 642 columnis
1001 612 1176 642 marmoreis
1199 612 1283 641 vario
1309 611 1390 645 color·

187 655 524 695 maculatis—[silva]
551 656 745 685 ‘viridarium
770 655 926 693 peristylio
949 653 1101 684 cinctum!
1125 654 1181 683 od.
1197 653 1227 689 3,
1245 653 1292 683 10.
1315 653 1386 691 Co'p

191 701 267 738 Nep.
286 702 349 729 Att.
368 700 415 735 13,
433 698 540 737 (Attici
557 697 678 737 domus)
695 699 846 727 amoenitas
866 707 921 727 non
940 697 1071 735 aedzflcio,
1094 696 1146 725 sed
1159 697 1232 726 silari
1247 694 1390 732 constab-

186 759 226 765 —
240 740 370 782 [longos]
398 744 405 757 ⁴
418 742 476 771 late
496 746 633 770 extentos
658 741 689 769 in
713 740 794 769 urbis
810 739 920 768 vicinia
938 748 992 777 per
1007 747 1113 776 agrum
1129 738 1317 767 Romanum’
1332 732 1381 775 affl

187 791 249 814 tarn
264 785 404 819 fertilem,
427 793 506 813 nunc
527 793 619 822 prope
640 783 788 811 incultum
806 791 840 810 ac
855 786 1035 811 vastum.--
1047 778 1222 820 [prospicit]
1249 779 1378 820 Etiam&

186 829 276 866 prosa
291 827 436 856 oratione.
467 826 543 855 Plin.
561 826 587 861 1,
605 826 632 860 1,
648 826 806 854 triclinium
815 840 859 845 -—
863 828 984 862 pratum
1002 823 1179 862 multumque
1200 823 1281 852 ruris
1303 822 1381 856 vida

185 871 415 908 —kippodromi
430 879 527 898 nemus
542 877 690 906 comasque
703 870 877 905 prospectat.
1356 876 1365 894 r

227 913 277 948 24,
293 913 342 942 25.
368 909 533 950 [Naturam
547 911 674 949 expellas
684 907 794 948 furca]
821 909 829 924 ‘
842 908 926 938 Licet
949 912 1088 937 naturam
1111 907 1230 936 summa
1245 907 1274 936 vi
1293 910 1324 935 et
1338 905 1384 940 cd

185 955 334 984 lidissirna
348 960 412 983 arte
428 953 596 991 opprimere
612 952 737 988 coneris,
756 957 857 980 tamen
876 955 979 980 manet
993 950 1105 979 invicta
1118 958 1267 987 suumque
1277 949 1328 987 jus
1343 948 1390 983 a:

185 997 341 1026 vindicat.'
385 997 484 1026 Furcd
505 995 646 1034 expellere
667 995 790 1033 aliquem
815 992 1006 1032 proverbium
1031 997 1076 1020 est
1096 990 1289 1029 pro‘aspere
1309 995 1340 1021 at

185 1039 384 1077 ignominiose
403 1039 562 1067 exturbare
583 1042 613 1066 et
631 1036 758 1075 ejicere.’
789 1036 852 1064 Cic.
869 1036 907 1064 ad
924 1034 988 1064 Att.
1007 1034 1055 1069 16,
1069 1034 1099 1069 2,
1119 1034 1259 1065 Quoniam
1273 1031 1330 1071 sur

184 1083 376 1116 extrudimur,
399 1081 591 1110 Brundisium
613 1076 788 1118 cogito.—[
790 1075 916 1116 furtim]
939 1076 1072 1106 ‘ratione
1093 1075 1178 1114 quasi
1201 1075 1380 1109 clandestini

185 1130 218 1153 ut
243 1124 393 1162 quomodo
416 1123 470 1151 fiat
493 1122 543 1151 vix
567 1121 799 1155 animadvertas,
822 1120 875 1148 illa
898 1119 1027 1148 divitum
1054 1117 1174 1147 fastidia
1202 1127 1342 1156 perversa
1359 1127 1376 1148 a

184 1172 300 1196 naturae
316 1165 465 1195 contraria
480 1164 582 1200 vincit,
600 1164 731 1202 ipsique,
751 1162 943 1200 quantumvis
962 1171 980 1190 a
994 1160 1122 1199 simplici
1137 1160 1199 1189 vitii
1212 1159 1379 1194 recesserit·

184 1214 285 1238 tamen
300 1208 463 1246 aliquando
479 1207 525 1236 vel
539 1206 625 1236 inviti
641 1207 679 1235 ad
694 1215 760 1234 eam
776 1204 874 1233 redire
889 1203 1056 1241 coguntur!

226 1251 358 1280 26-28.
394 1248 478 1288 [Non
502 1246 568 1288 qui]
593 1250 600 1264 ‘
615 1249 702 1277 Falsa
725 1252 827 1276 autem
848 1246 900 1275 illa
921 1246 958 1274 de
978 1245 1088 1274 finibus
1109 1245 1255 1273 bonorum
1273 1242 1378 1282 judicit

185 1294 286 1332 qualia
300 1294 478 1331 plerumque
494 1298 565 1320 sunt
580 1291 718 1325 divitum,
739 1289 835 1327 magis
857 1288 949 1318 noxia
968 1291 1039 1317 sunt
1058 1296 1092 1316 ac
1111 1285 1292 1316 beatitudini
1306 1285 1376 1317 infes

184 1337 271 1371 tiora,
294 1345 384 1373 quam
414 1334 573 1373 inscientia
596 1342 696 1362 rerum
721 1337 916 1361 externarum
939 1330 1052 1360 nullius
1074 1329 1226 1367 ponderis,
1246 1333 1280 1357 ut
1304 1337 1376 1366 qum

185 1388 238 1407 nos
263 1378 380 1407 deridet
404 1377 498 1410 dives,
522 1376 603 1414 quod
623 1384 789 1413 purpuram
813 1373 967 1402 Sidoniam
983 1373 1020 1401 ab
1035 1370 1190 1409 Aquinate
1212 1370 1375 1408 distinguer

184 1419 373 1450 nesciamus!
383 1435 424 1440 —
436 1414 756 1458 [contendere—ostro]
789 1414 881 1445 dativ.
901 1417 909 1431 ‘
921 1422 1092 1452 comparare
1108 1423 1176 1442 cum
1191 1412 1373 1451 purpura-’-

187 1460 342 1502 [callidus]
367 1467 401 1490 ut
426 1463 486 1490 Sat.
512 1461 542 1495 2,
564 1460 593 1495 7,
621 1459 690 1497 101,
721 1459 836 1488 subtilis
859 1461 887 1487 et
904 1456 1186 1496 judex—callidus.-
1215 1455 1342 1484 ‘sollers
1363 1454 1373 1484 i

184 1505 400 1543 distinguenda
422 1503 558 1542 purpura
581 1502 708 1535 sincera,
729 1510 796 1538 quae
819 1509 856 1530 ex
880 1497 1022 1528 Phoenice
1043 1498 1232 1536 importatur,
1257 1497 1295 1526 ab
1309 1497 1368 1526 adu

183 1548 292 1582 terina.
321 1556 412 1585 quam
438 1546 476 1575 ad
504 1545 585 1574 illius
610 1543 808 1573 imitationem
839 1542 1006 1579 Aquinates
1035 1540 1067 1569 in
1094 1549 1167 1578 agro
1194 1539 1301 1568 Volsco
1329 1538 1372 1568 fut

183 1591 316 1628 tingunt,
348 1594 382 1618 ut
405 1588 560 1626 imperitos
589 1585 812 1624 decipiant.'—-
837 1581 972 1622 [fucum]
1003 1582 1130 1612 lichenis
1157 1590 1263 1619 genus,
1290 1581 1367 1620 φῦιω

184 1634 268 1671 cujus
293 1641 380 1661 succo
401 1631 448 1660 vel
473 1629 699 1659 medicabantur
717 1628 818 1657 lanam
843 1626 965 1655 muricis
984 1634 1071 1654 succo
1093 1629 1198 1663 postea
1221 1623 1390 1661 tingendas

183 1676 231 1704 vel
260 1674 325 1703 sine
352 1674 433 1702 illius
461 1671 610 1710 conchylii
639 1679 727 1699 succo
755 1669 966 1698 adulterinam.
983 1683 1026 1688 —
1043 1664 1217 1706 [propiusve
1245 1666 1372 1696 medulla

185 1717 327 1746 ‘intimos
342 1715 434 1744 animi
450 1724 554 1743 sensus
570 1713 666 1750 magis
679 1711 864 1751 percellens!

225 1759 274 1794 30,
290 1759 338 1788 31.
365 1755 451 1796 [plus
466 1754 569 1795 nimio]
595 1756 699 1784 Altera
718 1754 806 1784 lectio
825 1754 894 1792 plus
907 1762 988 1791 aequo
1001 1757 1046 1781 est
1059 1760 1076 1780 e
1090 1750 1178 1789 gloss.
1214 1749 1314 1779 Plaut.
1330 1749 1371 1779 Mi
1388 1761 1390 1766 ,

183 1802 266 1830 Glor.
290 1801 319 1835 2,
343 1799 372 1833 6,
401 1799 468 1833 101,
501 1800 574 1827 satis
598 1802 626 1827 et
650 1798 719 1836 plus
742 1797 829 1826 nimio
857 1796 949 1824 merui
971 1795 1050 1823 mali.
1095 1793 1138 1822 M.
1162 1791 1312 1822 Antonius
1337 1792 1390 1829 EJ:

183 1844 222 1873 ad
245 1843 306 1873 Cic.
333 1842 423 1871 Attic.
448 1841 495 1877 10,
520 1841 549 1876 8,
585 1841 624 1870 Te
645 1841 733 1869 nimio
750 1839 818 1877 plus
839 1838 992 1877 diligo.—
1012 1833 1136 1875 [pones]
1166 1836 1174 1850 ‘
1190 1835 1331 1872 depones,
1359 1843 1390 1863 e<

181 1887 356 1962 cage‘lgffiae.
387 1922 531 1965 [Cervus]
556 1924 681 1954 Aristot.
703 1923 828 1952 Rhetor.
846 1922 875 1957 2,
899 1921 950 1956 20,
973 1925 1004 1950 et
1019 1919 1123 1949 eonon
1138 1919 1226 1948 Narr.
1244 1918 1294 1955 42,
1317 1917 1369 1948 har
1388 1934 1390 1943 ι

181 1971 315 2000 fabulam
350 1972 575 2002 conservarunt,
605 1967 666 2005 qua
694 1964 881 1995 Stesichorus
913 1963 1108 1992 Himerenses
1136 1959 1263 1996 monuit,
1296 1969 1333 1990 ne
1362 1968 1390 1988 ιε

183 2011 351 2043 Phalaridis
368 2008 488 2050 (Arist.)
511 2014 563 2039 aut
579 2008 702 2038 Gelonis
725 2005 859 2046 (Conon)
882 2004 1036 2044 tyrannidi
1049 2003 1291 2042 subjicerent.-
1303 2001 1372 2042 [con
1388 2016 1390 2023 ·

183 2052 332 2093 munibus]
357 2055 417 2083 ‘ex
435 2055 504 2090 jure
525 2051 660 2080 naturae.’
705 2050 792 2079 Ovid.
815 2049 888 2077 Met.
907 2048 935 2083 l,
962 2047 1031 2084 135,
1054 2046 1288 2084 Communemque
1309 2045 1368 2083 prii
1388 2066 1390 2072 ,

181 2108 234 2128 cea
259 2098 367 2126 lumina
390 2096 458 2125 solis
482 2099 510 2123 et
533 2104 621 2123 auras
648 2094 771 2122 humum.
786 2106 829 2113 -·
845 2087 1011 2130 [Pellebat]
1041 2090 1049 2104 ‘
1064 2097 1152 2126 saepe.
1180 2086 1367 2116 continuo.'-
1388 2101 1390 2108 ·

184 2137 309 2179 [minor]
334 2144 367 2167 ut
392 2133 670 2175 iffrrwvae—[opes]
705 2134 753 2164 Sic
779 2134 835 2162 Od.
861 2133 890 2168 3,
916 2131 946 2166 3,
967 2131 1016 2166 28,
1040 2130 1117 2168 Epp.
1139 2130 1170 2164 2,
1194 2129 1222 2164 2,
1248 2127 1315 2164 136,
1339 2138 1390 2166 pi«

181 2181 386 2220 frequentiore
400 2179 554 2217 singulari.
567 2194 604 2199 -—
620 2175 760 2216 [recepit]
785 2177 793 2192 ‘
809 2175 888 2204 ultro
903 2183 936 2203 ac
949 2174 1078 2203 libenter
1092 2171 1274 2210 accepit.’-—
1287 2168 1367 2209 [vict.
1386 2181 1390 2198 ι

181 2222 302 2262 violeus]
327 2225 334 2239 ‘
348 2223 442 2252 victor
456 2221 559 2255 evasit,
574 2227 732 2258 postquam
754 2219 818 2257 ipse
837 2225 956 2255 quoque
977 2220 1128 2245 vectorem
1148 2213 1293 2252 adjuvans
1314 2212 1366 2242 ser«
1387 2224 1390 2236 ι

182 2267 256 2296 citer
276 2276 344 2295 cum
359 2275 446 2295 cervo
466 2268 606 2292 certasset
626 2263 764 2299 viresque
785 2269 853 2290 suas
870 2258 989 2288 summa
1009 2266 1077 2288 cum
1095 2255 1286 2286 contentione
1305 2263 1367 2284 exse
1386 2264 1390 2278 α

182 2308 311 2339 ruisset.'
354 2307 527 2346 Explicabis
542 2306 634 2343 igitur
648 2306 656 2322 ‘
667 2304 829 2334 vehemens
844 2307 874 2332 et
888 2299 981 2331 acer!
