<?xml version="1.0" encoding="UTF-8"?>
<!DOCTYPE html PUBLIC "-//W3C//DTD XHTML 1.0 Transitional//EN"
    "http://www.w3.org/TR/xhtml1/DTD/xhtml1-transitional.dtd">
<html xmlns="http://www.w3.org/1999/xhtml" xml:lang="en" lang="en">
 <head>
  <title>
</title>
<meta http-equiv="Content-Type" content="text/html;charset=utf-8" />
  <meta name='ocr-system' content='tesseract 3.04.00' />
  <meta name='ocr-capabilities' content='ocr_page ocr_carea ocr_par ocr_line ocrx_word'/>
</head>
<body>
  <div class='ocr_page' id='page_1' title='image "./eclogaehoratiana02horauoft_0224.png"; bbox 0 0 1390 2586; ppageno 0'>
   <div class='ocr_carea' id='block_1_1' title="bbox 1322 0 1390 371">
    <p class='ocr_par' dir='ltr' id='par_1_1' title="bbox 1322 0 1390 371">
     <span class='ocr_line' id='line_1_1' title="bbox 1327 0 1390 209; baseline 0 -15"><span class='ocrx_word' id='word_1_1' title='bbox 1327 0 1390 209; x_wconf 95' lang='lat' dir='ltr'>   </span> 
     </span>
     <span class='ocr_line' id='line_1_2' title="bbox 1322 209 1390 371; baseline 0 -85"><span class='ocrx_word' id='word_1_2' title='bbox 1322 209 1390 371; x_wconf 95' lang='lat' dir='ltr'>     </span> 
     </span>
    </p>
   </div>
   <div class='ocr_carea' id='block_1_2' title="bbox 159 128 1344 173">
    <p class='ocr_par' dir='ltr' id='par_1_2' title="bbox 159 128 1344 173">
     <span class='ocr_line' id='line_1_3' title="bbox 159 128 1344 173; baseline -0.006 -2"><span class='ocrx_word' id='word_1_3' title='bbox 159 128 242 171; x_wconf 73' lang='lat'>216</span> <span class='ocrx_word' id='word_1_4' title='bbox 589 129 952 160; x_wconf 79' lang='lat' dir='ltr'><strong>INTERPRETATIO.</strong></span> <span class='ocrx_word' id='word_1_5' title='bbox 1253 130 1325 173; x_wconf 74' lang='lat' dir='ltr'>[m</span> <span class='ocrx_word' id='word_1_6' title='bbox 1341 134 1344 138; x_wconf 88' lang='lat'>·</span> 
     </span>
    </p>
   </div>
   <div class='ocr_carea' id='block_1_3' title="bbox 158 228 1390 604">
    <p class='ocr_par' dir='ltr' id='par_1_3' title="bbox 158 228 1390 604">
     <span class='ocr_line' id='line_1_4' title="bbox 158 228 1342 267; baseline 0.003 -9"><span class='ocrx_word' id='word_1_7' title='bbox 158 228 297 258; x_wconf 87' lang='lat' dir='ltr'>homines</span> <span class='ocrx_word' id='word_1_8' title='bbox 322 233 523 264; x_wconf 79' lang='lat' dir='ltr'>versarentur,</span> <span class='ocrx_word' id='word_1_9' title='bbox 552 233 668 258; x_wconf 81' lang='lat' dir='ltr'>veteres</span> <span class='ocrx_word' id='word_1_10' title='bbox 691 228 771 258; x_wconf 87' lang='lat' dir='ltr'>locos</span> <span class='ocrx_word' id='word_1_11' title='bbox 797 238 832 258; x_wconf 87' lang='lat' dir='ltr'>ac</span> <span class='ocrx_word' id='word_1_12' title='bbox 855 228 937 258; x_wconf 63' lang='lat' dir='ltr'>fama</span> <span class='ocrx_word' id='word_1_13' title='bbox 961 229 1125 259; x_wconf 80' lang='lat' dir='ltr'>celebratos</span> <span class='ocrx_word' id='word_1_14' title='bbox 1147 229 1287 267; x_wconf 79' lang='lat' dir='ltr'><strong>viserent,</strong></span> <span class='ocrx_word' id='word_1_15' title='bbox 1315 233 1342 262; x_wconf 73' lang='lat' dir='ltr'>al</span> 
     </span>
     <span class='ocr_line' id='line_1_5' title="bbox 160 271 1320 310; baseline 0.003 -10"><span class='ocrx_word' id='word_1_16' title='bbox 160 271 295 309; x_wconf 81' lang='lat' dir='ltr'>quotidie</span> <span class='ocrx_word' id='word_1_17' title='bbox 320 271 509 308; x_wconf 81' lang='lat' dir='ltr'>antiquitatis</span> <span class='ocrx_word' id='word_1_18' title='bbox 539 276 746 306; x_wconf 81' lang='lat' dir='ltr'>monumenta,</span> <span class='ocrx_word' id='word_1_19' title='bbox 782 271 931 300; x_wconf 82' lang='lat' dir='ltr'>artificum</span> <span class='ocrx_word' id='word_1_20' title='bbox 959 281 1060 310; x_wconf 77' lang='lat' dir='ltr'>opera,</span> <span class='ocrx_word' id='word_1_21' title='bbox 1095 272 1222 301; x_wconf 81' lang='lat' dir='ltr'>delubra</span> <span class='ocrx_word' id='word_1_22' title='bbox 1249 274 1320 303; x_wconf 89' lang='lat' dir='ltr'>deor</span> 
     </span>
     <span class='ocr_line' id='line_1_6' title="bbox 159 313 1359 352; baseline 0.001 -10"><span class='ocrx_word' id='word_1_23' title='bbox 159 318 394 351; x_wconf 82' lang='lat' dir='ltr'>spectarent.-—</span> <span class='ocrx_word' id='word_1_24' title='bbox 415 313 519 342; x_wconf 84' lang='lat' dir='ltr'>Talem</span> <span class='ocrx_word' id='word_1_25' title='bbox 554 313 645 350; x_wconf 84' lang='lat' dir='ltr'>igitur</span> <span class='ocrx_word' id='word_1_26' title='bbox 678 313 832 342; x_wconf 87' lang='lat' dir='ltr'>hominem</span> <span class='ocrx_word' id='word_1_27' title='bbox 861 314 956 342; x_wconf 85' lang='lat' dir='ltr'>amice</span> <span class='ocrx_word' id='word_1_28' title='bbox 990 314 1029 343; x_wconf 87' lang='lat' dir='ltr'>ad</span> <span class='ocrx_word' id='word_1_29' title='bbox 1063 315 1276 352; x_wconf 82' lang='lat' dir='ltr'>sapientiorem</span> <span class='ocrx_word' id='word_1_30' title='bbox 1305 316 1359 347; x_wconf 63' lang='lat' dir='ltr'>vi‘</span> 
     </span>
     <span class='ocr_line' id='line_1_7' title="bbox 159 355 1334 396; baseline 0.002 -11"><span class='ocrx_word' id='word_1_31' title='bbox 159 365 248 385; x_wconf 89' lang='lat' dir='ltr'>usum</span> <span class='ocrx_word' id='word_1_32' title='bbox 265 356 441 385; x_wconf 82' lang='lat' dir='ltr'>exhortatur</span> <span class='ocrx_word' id='word_1_33' title='bbox 465 361 493 384; x_wconf 89' lang='lat' dir='ltr'>et</span> <span class='ocrx_word' id='word_1_34' title='bbox 512 355 541 383; x_wconf 92' lang='lat' dir='ltr'>in</span> <span class='ocrx_word' id='word_1_35' title='bbox 559 357 663 384; x_wconf 89' lang='lat' dir='ltr'>urbem</span> <span class='ocrx_word' id='word_1_36' title='bbox 687 356 724 384; x_wconf 89' lang='lat' dir='ltr'>ad</span> <span class='ocrx_word' id='word_1_37' title='bbox 740 365 808 384; x_wconf 87' lang='lat' dir='ltr'>suos</span> <span class='ocrx_word' id='word_1_38' title='bbox 823 361 953 390; x_wconf 84' lang='lat' dir='ltr'>revocat.</span> <span class='ocrx_word' id='word_1_39' title='bbox 980 356 1068 385; x_wconf 91' lang='lat' dir='ltr'>simul</span> <span class='ocrx_word' id='word_1_40' title='bbox 1083 357 1243 386; x_wconf 86' lang='lat' dir='ltr'>lectoribus</span> <span class='ocrx_word' id='word_1_41' title='bbox 1259 357 1334 396; x_wconf 77' lang='lat' dir='ltr'>signi</span> 
     </span>
     <span class='ocr_line' id='line_1_8' title="bbox 159 394 1388 452; baseline 0.002 -26"><span class='ocrx_word' id='word_1_42' title='bbox 159 407 241 432; x_wconf 84' lang='lat' dir='ltr'>cans,</span> <span class='ocrx_word' id='word_1_43' title='bbox 257 398 376 426; x_wconf 86' lang='lat' dir='ltr'>sibimet</span> <span class='ocrx_word' id='word_1_44' title='bbox 398 397 453 435; x_wconf 87' lang='lat' dir='ltr'>ipsi</span> <span class='ocrx_word' id='word_1_45' title='bbox 470 402 591 435; x_wconf 88' lang='lat' dir='ltr'>propter</span> <span class='ocrx_word' id='word_1_46' title='bbox 606 397 740 426; x_wconf 89' lang='lat' dir='ltr'>animum</span> <span class='ocrx_word' id='word_1_47' title='bbox 756 407 877 436; x_wconf 88' lang='lat' dir='ltr'>aequum</span> <span class='ocrx_word' id='word_1_48' title='bbox 897 398 1008 436; x_wconf 89' lang='lat' dir='ltr'>ubique</span> <span class='ocrx_word' id='word_1_49' title='bbox 1022 399 1099 427; x_wconf 89' lang='lat' dir='ltr'>bene</span> <span class='ocrx_word' id='word_1_50' title='bbox 1122 394 1388 452; x_wconf 59' lang='lat' dir='ltr'>essen—Scrin</span> 
     </span>
     <span class='ocr_line' id='line_1_9' title="bbox 158 438 1390 490; baseline -0.001 -22"><span class='ocrx_word' id='word_1_51' title='bbox 158 440 280 468; x_wconf 85' lang='lat' dir='ltr'>videtur</span> <span class='ocrx_word' id='word_1_52' title='bbox 297 440 433 478; x_wconf 79' lang='lat' dir='ltr'>Epistola</span> <span class='ocrx_word' id='word_1_53' title='bbox 451 448 478 468; x_wconf 82' lang='lat' dir='ltr'>A.</span> <span class='ocrx_word' id='word_1_54' title='bbox 496 447 527 469; x_wconf 85' lang='lat' dir='ltr'>U.</span> <span class='ocrx_word' id='word_1_55' title='bbox 543 447 571 468; x_wconf 87' lang='lat' dir='ltr'>c.</span> <span class='ocrx_word' id='word_1_56' title='bbox 587 438 656 473; x_wconf 88' lang='grc'><strong>733.</strong></span> <span class='ocrx_word' id='word_1_57' title='bbox 1047 475 1055 483; x_wconf 45' lang='grc' dir='ltr'>ι</span> <span class='ocrx_word' id='word_1_58' title='bbox 1379 459 1390 490; x_wconf 61' lang='lat'><em>3</em></span> 
     </span>
     <span class='ocr_line' id='line_1_10' title="bbox 204 448 1379 559; baseline 0.002 -48"><span class='ocrx_word' id='word_1_59' title='bbox 204 482 292 511; x_wconf 83' lang='lat'>1—5.</span> <span class='ocrx_word' id='word_1_60' title='bbox 331 481 429 521; x_wconf 82' lang='lat' dir='ltr'>[Quid</span> <span class='ocrx_word' id='word_1_61' title='bbox 449 479 520 521; x_wconf 75' lang='lat' dir='ltr'>tibi]</span> <span class='ocrx_word' id='word_1_62' title='bbox 553 482 620 510; x_wconf 87' lang='lat' dir='ltr'>Ter.</span> <span class='ocrx_word' id='word_1_63' title='bbox 644 481 724 510; x_wconf 87' lang='lat' dir='ltr'>Eun.</span> <span class='ocrx_word' id='word_1_64' title='bbox 748 482 779 518; x_wconf 86' lang='lat'>2,</span> <span class='ocrx_word' id='word_1_65' title='bbox 803 482 832 516; x_wconf 85' lang='lat'>2,</span> <span class='ocrx_word' id='word_1_66' title='bbox 852 481 901 516; x_wconf 82' lang='grc'>42,</span> <span class='ocrx_word' id='word_1_67' title='bbox 934 482 994 512; x_wconf 77' lang='lat' dir='ltr'>Sed</span> <span class='ocrx_word' id='word_1_68' title='bbox 1015 482 1087 521; x_wconf 73' lang='lat' dir='ltr'>quid</span> <span class='ocrx_word' id='word_1_69' title='bbox 1106 483 1222 513; x_wconf 78' lang='lat' dir='ltr'>videtur</span> <span class='ocrx_word' id='word_1_70' title='bbox 1245 484 1301 513; x_wconf 76' lang='lat' dir='ltr'>tibi</span> <span class='ocrx_word' id='word_1_71' title='bbox 1322 448 1379 559; x_wconf 51' lang='lat' dir='ltr'>eg</span> 
     </span>
     <span class='ocr_line' id='line_1_11' title="bbox 158 523 1322 562; baseline 0.002 -9"><span class='ocrx_word' id='word_1_72' title='bbox 158 526 333 562; x_wconf 77' lang='lat' dir='ltr'>mancipium</span> <span class='ocrx_word' id='word_1_73' title='bbox 345 526 359 553; x_wconf 72' lang='grc' dir='ltr'><em>Ρ</em></span> <span class='ocrx_word' id='word_1_74' title='bbox 382 524 511 552; x_wconf 85' lang='lat' dir='ltr'>formula</span> <span class='ocrx_word' id='word_1_75' title='bbox 525 523 671 552; x_wconf 85' lang='lat' dir='ltr'>sermonis</span> <span class='ocrx_word' id='word_1_76' title='bbox 687 523 854 562; x_wconf 88' lang='lat' dir='ltr'>quotidiani</span> <span class='ocrx_word' id='word_1_77' title='bbox 872 524 968 553; x_wconf 77' lang='lat' dir='ltr'>mixta</span> <span class='ocrx_word' id='word_1_78' title='bbox 988 533 1027 553; x_wconf 79' lang='lat' dir='ltr'>ex</span> <span class='ocrx_word' id='word_1_79' title='bbox 1046 524 1092 553; x_wconf 78' lang='lat' dir='ltr'>his</span> <span class='ocrx_word' id='word_1_80' title='bbox 1107 525 1224 554; x_wconf 86' lang='lat' dir='ltr'>duabus</span> <span class='ocrx_word' id='word_1_81' title='bbox 1243 526 1322 555; x_wconf 86' lang='lat' dir='ltr'>inter</span> 
     </span>
     <span class='ocr_line' id='line_1_12' title="bbox 158 565 1356 604; baseline 0.002 -9"><span class='ocrx_word' id='word_1_82' title='bbox 158 567 349 604; x_wconf 88' lang='lat' dir='ltr'>gationibus:</span> <span class='ocrx_word' id='word_1_83' title='bbox 374 567 474 598; x_wconf 78' lang='lat' dir='ltr'>‘Quid</span> <span class='ocrx_word' id='word_1_84' title='bbox 498 565 554 595; x_wconf 89' lang='lat' dir='ltr'>tibi</span> <span class='ocrx_word' id='word_1_85' title='bbox 578 566 697 594; x_wconf 86' lang='lat' dir='ltr'>videtur</span> <span class='ocrx_word' id='word_1_86' title='bbox 720 566 776 595; x_wconf 88' lang='lat' dir='ltr'>hac</span> <span class='ocrx_word' id='word_1_87' title='bbox 799 566 836 595; x_wconf 86' lang='lat' dir='ltr'>de</span> <span class='ocrx_word' id='word_1_88' title='bbox 859 566 930 595; x_wconf 60' lang='grc' dir='ltr'>κεῖ*</span> <span class='ocrx_word' id='word_1_89' title='bbox 952 571 1000 595; x_wconf 82' lang='lat' dir='ltr'>et:</span> <span class='ocrx_word' id='word_1_90' title='bbox 1025 567 1150 598; x_wconf 80' lang='lat' dir='ltr'>‘Qualis</span> <span class='ocrx_word' id='word_1_91' title='bbox 1175 567 1230 596; x_wconf 86' lang='lat' dir='ltr'>tibi</span> <span class='ocrx_word' id='word_1_92' title='bbox 1255 569 1322 598; x_wconf 87' lang='lat' dir='ltr'>vide</span> <span class='ocrx_word' id='word_1_93' title='bbox 1344 583 1356 593; x_wconf 52' lang='grc' dir='ltr'>ι1</span> 
     </span>
    </p>
   </div>
   <div class='ocr_carea' id='block_1_4' title="bbox 1319 562 1380 627">
    <p class='ocr_par' dir='ltr' id='par_1_4' title="bbox 1319 562 1380 627">
     <span class='ocr_line' id='line_1_13' title="bbox 1319 562 1380 627; baseline 0 0"><span class='ocrx_word' id='word_1_94' title='bbox 1319 562 1380 627; x_wconf 95' lang='lat' dir='ltr'>   </span> 
     </span>
    </p>
   </div>
   <div class='ocr_carea' id='block_1_5' title="bbox 103 606 1300 647">
    <p class='ocr_par' dir='ltr' id='par_1_5' title="bbox 103 606 1371 647">
     <span class='ocr_line' id='line_1_14' title="bbox 103 606 1300 647; baseline 0.001 -9"><span class='ocrx_word' id='word_1_95' title='bbox 103 623 109 629; x_wconf 90' lang='grc'><em>·</em></span> <span class='ocrx_word' id='word_1_96' title='bbox 157 609 224 638; x_wconf 80' lang='lat' dir='ltr'>haec</span> <span class='ocrx_word' id='word_1_97' title='bbox 240 609 326 637; x_wconf 75' lang='lat' dir='ltr'>res?¹</span> <span class='ocrx_word' id='word_1_98' title='bbox 351 609 398 637; x_wconf 92' lang='lat' dir='ltr'>Sic</span> <span class='ocrx_word' id='word_1_99' title='bbox 420 609 511 637; x_wconf 88' lang='lat' dir='ltr'>etiam</span> <span class='ocrx_word' id='word_1_100' title='bbox 527 609 635 637; x_wconf 88' lang='lat' dir='ltr'>Graeci.</span> <span class='ocrx_word' id='word_1_101' title='bbox 670 609 753 637; x_wconf 85' lang='lat' dir='ltr'>Plato</span> <span class='ocrx_word' id='word_1_102' title='bbox 775 608 912 646; x_wconf 77' lang='lat' dir='ltr'>Euthyd.</span> <span class='ocrx_word' id='word_1_103' title='bbox 927 607 977 643; x_wconf 89' lang='grc'>77,</span> <span class='ocrx_word' id='word_1_104' title='bbox 999 607 1030 638; x_wconf 83' lang='grc' dir='ltr'>τί</span> <span class='ocrx_word' id='word_1_105' title='bbox 1053 606 1110 638; x_wconf 81' lang='grc' dir='ltr'>οὖν</span> <span class='ocrx_word' id='word_1_106' title='bbox 1130 607 1300 647; x_wconf 80' lang='grc' dir='ltr'>ἐφαίνοντό</span> 
     </span>
    </p>
   </div>
   <div class='ocr_carea' id='block_1_6' title="bbox 1309 627 1380 1285">
    <p class='ocr_par' dir='ltr' id='par_1_6' title="bbox 1309 627 1380 1285">
     <span class='ocr_line' id='line_1_15' title="bbox 1317 627 1380 709; baseline 0 0"><span class='ocrx_word' id='word_1_107' title='bbox 1317 627 1380 709; x_wconf 95' lang='lat' dir='ltr'>  </span> 
     </span>
     <span class='ocr_line' id='line_1_16' title="bbox 1323 709 1380 833; baseline 0.053 -38"><span class='ocrx_word' id='word_1_108' title='bbox 1323 709 1380 833; x_wconf 95' lang='lat' dir='ltr'>      </span> 
     </span>
     <span class='ocr_line' id='line_1_17' title="bbox 1331 833 1379 925; baseline 0.083 -4"><span class='ocrx_word' id='word_1_109' title='bbox 1331 833 1379 925; x_wconf 95' lang='lat' dir='ltr'>   </span> 
     </span>
     <span class='ocr_line' id='line_1_18' title="bbox 1309 925 1378 1131; baseline -0.116 -76"><span class='ocrx_word' id='word_1_110' title='bbox 1309 925 1378 1131; x_wconf 95' lang='lat' dir='ltr'>    </span> 
     </span>
     <span class='ocr_line' id='line_1_19' title="bbox 1334 1138 1378 1285; baseline -0.023 -69"><span class='ocrx_word' id='word_1_111' title='bbox 1334 1138 1378 1285; x_wconf 95' lang='lat' dir='ltr'>    </span> 
     </span>
    </p>
   </div>
   <div class='ocr_carea' id='block_1_7' title="bbox 153 648 1390 1619">
    <p class='ocr_par' dir='ltr' id='par_1_7' title="bbox 153 648 1390 1619">
     <span class='ocr_line' id='line_1_20' title="bbox 159 648 1356 691; baseline -0.001 -11"><span class='ocrx_word' id='word_1_112' title='bbox 159 649 204 689; x_wconf 83' lang='grc' dir='ltr'>(οἱ</span> <span class='ocrx_word' id='word_1_113' title='bbox 219 648 346 691; x_wconf 83' lang='grc' dir='ltr'>ἄνδρες)</span> <span class='ocrx_word' id='word_1_114' title='bbox 359 662 366 685; x_wconf 85' lang='grc'><strong>;</strong></span> <span class='ocrx_word' id='word_1_115' title='bbox 377 667 414 671; x_wconf 87' lang='grc'><strong>-</strong></span> <span class='ocrx_word' id='word_1_116' title='bbox 428 648 596 690; x_wconf 75' lang='lat' dir='ltr'>[concinna]</span> <span class='ocrx_word' id='word_1_117' title='bbox 621 652 629 666; x_wconf 83' lang='lat'>‘</span> <span class='ocrx_word' id='word_1_118' title='bbox 640 651 771 688; x_wconf 87' lang='lat' dir='ltr'>elegans,</span> <span class='ocrx_word' id='word_1_119' title='bbox 790 657 915 679; x_wconf 85' lang='lat' dir='ltr'>venusta</span> <span class='ocrx_word' id='word_1_120' title='bbox 934 656 1056 689; x_wconf 82' lang='lat' dir='ltr'>propter</span> <span class='ocrx_word' id='word_1_121' title='bbox 1070 651 1205 687; x_wconf 79' lang='lat' dir='ltr'>aedificia,</span> <span class='ocrx_word' id='word_1_122' title='bbox 1220 652 1251 680; x_wconf 90' lang='lat' dir='ltr'>in</span> <span class='ocrx_word' id='word_1_123' title='bbox 1269 652 1356 690; x_wconf 70' lang='lat' dir='ltr'>prin‘</span> 
     </span>
     <span class='ocr_line' id='line_1_21' title="bbox 156 690 1321 733; baseline 0.001 -11"><span class='ocrx_word' id='word_1_124' title='bbox 156 700 281 731; x_wconf 85' lang='lat' dir='ltr'>propter</span> <span class='ocrx_word' id='word_1_125' title='bbox 296 693 425 722; x_wconf 80' lang='lat' dir='ltr'>Junonis</span> <span class='ocrx_word' id='word_1_126' title='bbox 439 694 544 722; x_wconf 89' lang='lat' dir='ltr'>aedem.</span> <span class='ocrx_word' id='word_1_127' title='bbox 555 709 596 714; x_wconf 97' lang='lat'>—</span> <span class='ocrx_word' id='word_1_128' title='bbox 609 690 744 731; x_wconf 76' lang='lat' dir='ltr'>[Sardis]</span> <span class='ocrx_word' id='word_1_129' title='bbox 768 692 845 730; x_wconf 89' lang='lat' dir='ltr'>plur.</span> <span class='ocrx_word' id='word_1_130' title='bbox 870 690 1058 732; x_wconf 84' lang='grc' dir='ltr'>Σάρδεις.-</span> <span class='ocrx_word' id='word_1_131' title='bbox 1069 690 1226 733; x_wconf 80' lang='lat' dir='ltr'>[Smyrna]</span> <span class='ocrx_word' id='word_1_132' title='bbox 1250 694 1321 724; x_wconf 84' lang='lat' dir='ltr'>Luci</span> 
     </span>
     <span class='ocr_line' id='line_1_22' title="bbox 158 731 1322 775; baseline 0.002 -11"><span class='ocrx_word' id='word_1_133' title='bbox 158 735 274 773; x_wconf 85' lang='lat' dir='ltr'>Imagg.</span> <span class='ocrx_word' id='word_1_134' title='bbox 300 736 329 770; x_wconf 83' lang='lat'>2,</span> <span class='ocrx_word' id='word_1_135' title='bbox 354 733 500 774; x_wconf 78' lang='grc' dir='ltr'>Σμύρνη,</span> <span class='ocrx_word' id='word_1_136' title='bbox 527 732 547 771; x_wconf 88' lang='grc' dir='ltr'>ἡ</span> <span class='ocrx_word' id='word_1_137' title='bbox 574 733 732 771; x_wconf 76' lang='grc' dir='ltr'>καλλίστη</span> <span class='ocrx_word' id='word_1_138' title='bbox 757 735 823 764; x_wconf 83' lang='grc' dir='ltr'>τῶν</span> <span class='ocrx_word' id='word_1_139' title='bbox 845 731 998 765; x_wconf 77' lang='grc' dir='ltr'>Ἰωνικῶν</span> <span class='ocrx_word' id='word_1_140' title='bbox 1020 733 1322 775; x_wconf 50' lang='lat' dir='ltr'>wama—[sorde</span> 
     </span>
     <span class='ocr_line' id='line_1_23' title="bbox 157 778 1371 815; baseline 0.002 -9"><span class='ocrx_word' id='word_1_141' title='bbox 157 783 192 807; x_wconf 89' lang='lat' dir='ltr'>ut</span> <span class='ocrx_word' id='word_1_142' title='bbox 222 779 308 815; x_wconf 88' lang='lat' dir='ltr'>Virg.</span> <span class='ocrx_word' id='word_1_143' title='bbox 337 778 399 806; x_wconf 83' lang='lat' dir='ltr'>Ecl.</span> <span class='ocrx_word' id='word_1_144' title='bbox 426 779 455 813; x_wconf 83' lang='lat'>2,</span> <span class='ocrx_word' id='word_1_145' title='bbox 482 778 531 813; x_wconf 80' lang='lat'>44,</span> <span class='ocrx_word' id='word_1_146' title='bbox 560 778 676 807; x_wconf 81' lang='lat' dir='ltr'>sordent</span> <span class='ocrx_word' id='word_1_147' title='bbox 706 778 761 806; x_wconf 77' lang='lat' dir='ltr'>tibi</span> <span class='ocrx_word' id='word_1_148' title='bbox 787 787 908 807; x_wconf 80' lang='lat' dir='ltr'>munera</span> <span class='ocrx_word' id='word_1_149' title='bbox 931 781 1039 807; x_wconf 80' lang='lat' dir='ltr'>nostra.</span> <span class='ocrx_word' id='word_1_150' title='bbox 1077 779 1084 793; x_wconf 92' lang='lat'>‘</span> <span class='ocrx_word' id='word_1_151' title='bbox 1103 778 1290 807; x_wconf 78' lang='lat' dir='ltr'>Videnturne</span> <span class='ocrx_word' id='word_1_152' title='bbox 1317 779 1371 809; x_wconf 87' lang='lat' dir='ltr'>ti</span> 
     </span>
     <span class='ocr_line' id='line_1_24' title="bbox 157 817 1375 859; baseline 0.002 -11"><span class='ocrx_word' id='word_1_153' title='bbox 157 820 352 858; x_wconf 85' lang='lat' dir='ltr'>despicienda</span> <span class='ocrx_word' id='word_1_154' title='bbox 373 830 435 858; x_wconf 82' lang='lat' dir='ltr'>prae</span> <span class='ocrx_word' id='word_1_155' title='bbox 456 822 546 858; x_wconf 83' lang='lat' dir='ltr'>regiae</span> <span class='ocrx_word' id='word_1_156' title='bbox 563 820 666 848; x_wconf 84' lang='lat' dir='ltr'>Romae</span> <span class='ocrx_word' id='word_1_157' title='bbox 681 820 839 857; x_wconf 81' lang='lat' dir='ltr'>splendore</span> <span class='ocrx_word' id='word_1_158' title='bbox 851 819 873 847; x_wconf 75' lang='lat'>2’</span> <span class='ocrx_word' id='word_1_159' title='bbox 884 835 926 840; x_wconf 86' lang='lat'>-</span> <span class='ocrx_word' id='word_1_160' title='bbox 939 817 1111 859; x_wconf 78' lang='lat' dir='ltr'>[Attalicis]</span> <span class='ocrx_word' id='word_1_161' title='bbox 1134 822 1142 836; x_wconf 91' lang='lat'>‘</span> <span class='ocrx_word' id='word_1_162' title='bbox 1159 821 1206 849; x_wconf 86' lang='lat' dir='ltr'>An</span> <span class='ocrx_word' id='word_1_163' title='bbox 1222 821 1342 850; x_wconf 88' lang='lat' dir='ltr'>domicil</span> <span class='ocrx_word' id='word_1_164' title='bbox 1354 818 1375 852; x_wconf 43' lang='grc' dir='ltr'>ζ’</span> 
     </span>
     <span class='ocr_line' id='line_1_25' title="bbox 156 859 1375 901; baseline -0.002 -10"><span class='ocrx_word' id='word_1_165' title='bbox 156 863 210 891; x_wconf 90' lang='lat' dir='ltr'>tibi</span> <span class='ocrx_word' id='word_1_166' title='bbox 235 863 367 900; x_wconf 71' lang='lat' dir='ltr'>delig‹·re</span> <span class='ocrx_word' id='word_1_167' title='bbox 388 862 482 891; x_wconf 87' lang='lat' dir='ltr'>mavis</span> <span class='ocrx_word' id='word_1_168' title='bbox 498 871 587 891; x_wconf 83' lang='lat' dir='ltr'>unam</span> <span class='ocrx_word' id='word_1_169' title='bbox 605 871 640 890; x_wconf 88' lang='lat' dir='ltr'>ex</span> <span class='ocrx_word' id='word_1_170' title='bbox 657 861 780 890; x_wconf 88' lang='lat' dir='ltr'>urbibus</span> <span class='ocrx_word' id='word_1_171' title='bbox 799 861 883 900; x_wconf 86' lang='lat' dir='ltr'>regni</span> <span class='ocrx_word' id='word_1_172' title='bbox 899 862 970 891; x_wconf 89' lang='lat' dir='ltr'>olim</span> <span class='ocrx_word' id='word_1_173' title='bbox 986 862 1167 899; x_wconf 78' lang='lat' dir='ltr'>Attalorum,</span> <span class='ocrx_word' id='word_1_174' title='bbox 1182 859 1375 901; x_wconf 69' lang='lat' dir='ltr'>Pergamu‘</span> 
     </span>
     <span class='ocr_line' id='line_1_26' title="bbox 158 904 1355 942; baseline -0.003 -8"><span class='ocrx_word' id='word_1_175' title='bbox 158 905 283 938; x_wconf 81' lang='lat' dir='ltr'>Tralles.</span> <span class='ocrx_word' id='word_1_176' title='bbox 302 905 489 942; x_wconf 83' lang='lat' dir='ltr'>Thyatiram,</span> <span class='ocrx_word' id='word_1_177' title='bbox 507 905 657 942; x_wconf 89' lang='lat' dir='ltr'>Myndum</span> <span class='ocrx_word' id='word_1_178' title='bbox 668 904 690 932; x_wconf 73' lang='lat'>2¹</span> <span class='ocrx_word' id='word_1_179' title='bbox 1351 935 1355 938; x_wconf 40' lang='grc'><strong>,</strong></span> 
     </span>
     <span class='ocr_line' id='line_1_27' title="bbox 199 945 1363 985; baseline 0.001 -9"><span class='ocrx_word' id='word_1_180' title='bbox 199 947 290 976; x_wconf 86' lang='grc'>6-8.</span> <span class='ocrx_word' id='word_1_181' title='bbox 325 945 506 985; x_wconf 78' lang='lat' dir='ltr'><em>[Lebedum]</em></span> <span class='ocrx_word' id='word_1_182' title='bbox 531 955 621 975; x_wconf 84' lang='lat' dir='ltr'>unam</span> <span class='ocrx_word' id='word_1_183' title='bbox 650 953 711 975; x_wconf 90' lang='lat' dir='ltr'>x11.</span> <span class='ocrx_word' id='word_1_184' title='bbox 741 946 832 975; x_wconf 82' lang='lat' dir='ltr'>Ioniae</span> <span class='ocrx_word' id='word_1_185' title='bbox 857 946 988 975; x_wconf 85' lang='lat' dir='ltr'>urbium.</span> <span class='ocrx_word' id='word_1_186' title='bbox 1032 946 1121 976; x_wconf 89' lang='lat' dir='ltr'>Teste</span> <span class='ocrx_word' id='word_1_187' title='bbox 1151 947 1296 976; x_wconf 81' lang='lat' dir='ltr'>Strabone</span> <span class='ocrx_word' id='word_1_188' title='bbox 1323 946 1363 981; x_wconf 66' lang='lat' dir='ltr'>lq</span> 
     </span>
     <span class='ocr_line' id='line_1_28' title="bbox 155 986 1382 1030; baseline 0 -11"><span class='ocrx_word' id='word_1_189' title='bbox 155 998 187 1028; x_wconf 89' lang='lat' dir='ltr'>p.</span> <span class='ocrx_word' id='word_1_190' title='bbox 203 989 280 1019; x_wconf 85' lang='lat'>643:</span> <span class='ocrx_word' id='word_1_191' title='bbox 306 990 325 1004; x_wconf 79' lang='lat'>‘⁶</span> <span class='ocrx_word' id='word_1_192' title='bbox 337 989 522 1018; x_wconf 89' lang='lat' dir='ltr'>scenicorum</span> <span class='ocrx_word' id='word_1_193' title='bbox 539 988 687 1017; x_wconf 83' lang='lat' dir='ltr'>artificum</span> <span class='ocrx_word' id='word_1_194' title='bbox 703 994 868 1018; x_wconf 85' lang='lat' dir='ltr'>conventus</span> <span class='ocrx_word' id='word_1_195' title='bbox 883 989 923 1017; x_wconf 92' lang='lat' dir='ltr'>ibi</span> <span class='ocrx_word' id='word_1_196' title='bbox 939 992 1004 1018; x_wconf 84' lang='lat' dir='ltr'>erat</span> <span class='ocrx_word' id='word_1_197' title='bbox 1017 994 1047 1017; x_wconf 86' lang='lat' dir='ltr'>et</span> <span class='ocrx_word' id='word_1_198' title='bbox 1063 989 1259 1026; x_wconf 78' lang='lat' dir='ltr'>domicilium,</span> <span class='ocrx_word' id='word_1_199' title='bbox 1274 989 1324 1028; x_wconf 92' lang='lat' dir='ltr'>qui</span> <span class='ocrx_word' id='word_1_200' title='bbox 1348 986 1365 1030; x_wconf 41' lang='grc' dir='ltr'>ᾖ</span> <span class='ocrx_word' id='word_1_201' title='bbox 1380 1008 1382 1010; x_wconf 97' lang='grc'>-</span> 
     </span>
     <span class='ocr_line' id='line_1_29' title="bbox 157 1027 1368 1071; baseline 0.001 -11"><span class='ocrx_word' id='word_1_202' title='bbox 157 1032 246 1061; x_wconf 68' lang='lat' dir='ltr'>Ionia</span> <span class='ocrx_word' id='word_1_203' title='bbox 260 1037 347 1060; x_wconf 88' lang='lat' dir='ltr'>erant</span> <span class='ocrx_word' id='word_1_204' title='bbox 361 1032 399 1060; x_wconf 85' lang='lat' dir='ltr'>ad</span> <span class='ocrx_word' id='word_1_205' title='bbox 416 1031 646 1069; x_wconf 81' lang='lat' dir='ltr'>Hellespontum</span> <span class='ocrx_word' id='word_1_206' title='bbox 662 1040 775 1068; x_wconf 73' lang='lat' dir='ltr'>usque:</span> <span class='ocrx_word' id='word_1_207' title='bbox 798 1031 900 1069; x_wconf 87' lang='lat' dir='ltr'>ibique</span> <span class='ocrx_word' id='word_1_208' title='bbox 915 1027 1102 1071; x_wconf 80' lang='grc' dir='ltr'>πανῆγυρις</span> <span class='ocrx_word' id='word_1_209' title='bbox 1117 1037 1146 1060; x_wconf 90' lang='lat' dir='ltr'>et</span> <span class='ocrx_word' id='word_1_210' title='bbox 1159 1041 1262 1061; x_wconf 80' lang='lat' dir='ltr'>annua</span> <span class='ocrx_word' id='word_1_211' title='bbox 1276 1041 1308 1061; x_wconf 90' lang='lat' dir='ltr'>ce</span> <span class='ocrx_word' id='word_1_212' title='bbox 1344 1055 1346 1057; x_wconf 91' lang='lat'>.</span> <span class='ocrx_word' id='word_1_213' title='bbox 1364 1057 1368 1058; x_wconf 19' lang='grc' dir='ltr'><em>γ</em></span> 
     </span>
     <span class='ocr_line' id='line_1_30' title="bbox 156 1073 1379 1112; baseline 0 -9"><span class='ocrx_word' id='word_1_214' title='bbox 156 1074 241 1103; x_wconf 87' lang='lat' dir='ltr'>mina</span> <span class='ocrx_word' id='word_1_215' title='bbox 262 1074 293 1102; x_wconf 89' lang='lat' dir='ltr'>in</span> <span class='ocrx_word' id='word_1_216' title='bbox 318 1073 426 1103; x_wconf 84' lang='lat' dir='ltr'>Bacchi</span> <span class='ocrx_word' id='word_1_217' title='bbox 453 1074 597 1102; x_wconf 85' lang='lat' dir='ltr'>honorem</span> <span class='ocrx_word' id='word_1_218' title='bbox 623 1073 813 1110; x_wconf 87' lang='lat' dir='ltr'>agitabantur</span> <span class='ocrx_word' id='word_1_219' title='bbox 825 1073 852 1108; x_wconf 80' lang='lat'>;’‘</span> <span class='ocrx_word' id='word_1_220' title='bbox 875 1082 978 1102; x_wconf 92' lang='lat' dir='ltr'>verum</span> <span class='ocrx_word' id='word_1_221' title='bbox 1004 1074 1120 1111; x_wconf 85' lang='lat' dir='ltr'>reliquo</span> <span class='ocrx_word' id='word_1_222' title='bbox 1144 1074 1215 1103; x_wconf 87' lang='lat' dir='ltr'>anni</span> <span class='ocrx_word' id='word_1_223' title='bbox 1238 1077 1379 1112; x_wconf 56' lang='lat' dir='ltr'>tempo-2</span> 
     </span>
     <span class='ocr_line' id='line_1_31' title="bbox 155 1110 1364 1155; baseline 0 -10"><span class='ocrx_word' id='word_1_224' title='bbox 155 1126 250 1155; x_wconf 84' lang='lat' dir='ltr'>prope</span> <span class='ocrx_word' id='word_1_225' title='bbox 266 1117 385 1145; x_wconf 80' lang='lat' dir='ltr'>deserta</span> <span class='ocrx_word' id='word_1_226' title='bbox 403 1122 477 1150; x_wconf 86' lang='lat' dir='ltr'>erat,</span> <span class='ocrx_word' id='word_1_227' title='bbox 502 1121 535 1144; x_wconf 90' lang='lat' dir='ltr'>ut</span> <span class='ocrx_word' id='word_1_228' title='bbox 555 1121 670 1144; x_wconf 77' lang='lat' dir='ltr'>constat</span> <span class='ocrx_word' id='word_1_229' title='bbox 695 1125 732 1143; x_wconf 91' lang='lat' dir='ltr'>ex</span> <span class='ocrx_word' id='word_1_230' title='bbox 756 1115 785 1144; x_wconf 80' lang='lat' dir='ltr'>h.</span> <span class='ocrx_word' id='word_1_231' title='bbox 802 1116 871 1144; x_wconf 91' lang='lat' dir='ltr'>l.-—-</span> <span class='ocrx_word' id='word_1_232' title='bbox 885 1114 964 1154; x_wconf 76' lang='lat' dir='ltr'>[Scis</span> <span class='ocrx_word' id='word_1_233' title='bbox 979 1115 1114 1145; x_wconf 71' lang='lat' dir='ltr'>Lebedus</span> <span class='ocrx_word' id='word_1_234' title='bbox 1130 1116 1201 1155; x_wconf 78' lang='lat' dir='ltr'>quid</span> <span class='ocrx_word' id='word_1_235' title='bbox 1218 1114 1274 1155; x_wconf 80' lang='lat' dir='ltr'>sit]</span> <span class='ocrx_word' id='word_1_236' title='bbox 1299 1117 1323 1145; x_wconf 89' lang='lat' dir='ltr'>B</span> <span class='ocrx_word' id='word_1_237' title='bbox 1354 1110 1364 1151; x_wconf 58' lang='grc' dir='ltr'>ζ·</span> 
     </span>
     <span class='ocr_line' id='line_1_32' title="bbox 154 1157 1382 1196; baseline -0.001 -9"><span class='ocrx_word' id='word_1_238' title='bbox 154 1159 246 1188; x_wconf 83' lang='lat' dir='ltr'>latius</span> <span class='ocrx_word' id='word_1_239' title='bbox 269 1159 361 1196; x_wconf 87' lang='lat' dir='ltr'>igitur</span> <span class='ocrx_word' id='word_1_240' title='bbox 379 1164 419 1192; x_wconf 88' lang='lat' dir='ltr'>et,</span> <span class='ocrx_word' id='word_1_241' title='bbox 442 1163 474 1186; x_wconf 89' lang='lat' dir='ltr'>ut</span> <span class='ocrx_word' id='word_1_242' title='bbox 490 1158 618 1192; x_wconf 88' lang='lat' dir='ltr'>videtur,</span> <span class='ocrx_word' id='word_1_243' title='bbox 638 1157 780 1186; x_wconf 83' lang='lat' dir='ltr'>Horatius</span> <span class='ocrx_word' id='word_1_244' title='bbox 801 1159 855 1186; x_wconf 92' lang='lat' dir='ltr'>sub</span> <span class='ocrx_word' id='word_1_245' title='bbox 873 1158 966 1186; x_wconf 86' lang='lat' dir='ltr'>Bruto</span> <span class='ocrx_word' id='word_1_246' title='bbox 981 1157 1145 1187; x_wconf 84' lang='lat' dir='ltr'>militantes</span> <span class='ocrx_word' id='word_1_247' title='bbox 1169 1166 1199 1187; x_wconf 79' lang='grc' dir='ltr'>Α.</span> <span class='ocrx_word' id='word_1_248' title='bbox 1211 1166 1241 1187; x_wconf 90' lang='grc' dir='ltr'>υ.</span> <span class='ocrx_word' id='word_1_249' title='bbox 1258 1167 1285 1187; x_wconf 90' lang='lat' dir='ltr'>c.</span> <span class='ocrx_word' id='word_1_250' title='bbox 1301 1158 1339 1193; x_wconf 88' lang='lat'>71</span> <span class='ocrx_word' id='word_1_251' title='bbox 1374 1181 1382 1188; x_wconf 78' lang='grc'>.,</span> 
     </span>
     <span class='ocr_line' id='line_1_33' title="bbox 155 1198 1284 1239; baseline 0 -9"><span class='ocrx_word' id='word_1_252' title='bbox 155 1201 197 1230; x_wconf 88' lang='lat' dir='ltr'>ibi</span> <span class='ocrx_word' id='word_1_253' title='bbox 214 1201 342 1230; x_wconf 86' lang='lat' dir='ltr'>fuerant.</span> <span class='ocrx_word' id='word_1_254' title='bbox 355 1217 397 1220; x_wconf 97' lang='lat'><strong>—</strong></span> <span class='ocrx_word' id='word_1_255' title='bbox 411 1198 549 1239; x_wconf 67' lang='lat' dir='ltr'>[Gabiis]</span> <span class='ocrx_word' id='word_1_256' title='bbox 575 1200 706 1228; x_wconf 84' lang='lat' dir='ltr'>Visconti</span> <span class='ocrx_word' id='word_1_257' title='bbox 725 1200 911 1229; x_wconf 75' lang='lat' dir='ltr'>Monumenta</span> <span class='ocrx_word' id='word_1_258' title='bbox 929 1200 1046 1235; x_wconf 79' lang='lat' dir='ltr'>Gabini,</span> <span class='ocrx_word' id='word_1_259' title='bbox 1061 1210 1091 1238; x_wconf 87' lang='lat' dir='ltr'>p.</span> <span class='ocrx_word' id='word_1_260' title='bbox 1106 1199 1133 1229; x_wconf 93' lang='lat' dir='ltr'>l.</span> <span class='ocrx_word' id='word_1_261' title='bbox 1159 1201 1284 1239; x_wconf 84' lang='lat' dir='ltr'>Dionys.</span> 
     </span>
     <span class='ocr_line' id='line_1_34' title="bbox 155 1238 1380 1282; baseline 0.002 -10"><span class='ocrx_word' id='word_1_262' title='bbox 155 1244 193 1272; x_wconf 84' lang='lat' dir='ltr'>A.</span> <span class='ocrx_word' id='word_1_263' title='bbox 216 1243 253 1272; x_wconf 87' lang='lat' dir='ltr'>R.</span> <span class='ocrx_word' id='word_1_264' title='bbox 279 1244 306 1276; x_wconf 85' lang='lat'>4,</span> <span class='ocrx_word' id='word_1_265' title='bbox 331 1243 381 1278; x_wconf 89' lang='grc'>53,</span> <span class='ocrx_word' id='word_1_266' title='bbox 406 1241 502 1277; x_wconf 86' lang='grc' dir='ltr'>πόλις</span> <span class='ocrx_word' id='word_1_267' title='bbox 523 1240 567 1278; x_wconf 84' lang='grc' dir='ltr'>ἦν</span> <span class='ocrx_word' id='word_1_268' title='bbox 590 1242 647 1271; x_wconf 85' lang='grc' dir='ltr'>τοῦ</span> <span class='ocrx_word' id='word_1_269' title='bbox 672 1241 825 1271; x_wconf 80' lang='grc' dir='ltr'>Λατίνων</span> <span class='ocrx_word' id='word_1_270' title='bbox 847 1238 970 1282; x_wconf 72' lang='grc' dir='ltr'>γένους,</span> <span class='ocrx_word' id='word_1_271' title='bbox 1001 1238 1178 1280; x_wconf 82' lang='grc' dir='ltr'>Ἀλβανῶν</span> <span class='ocrx_word' id='word_1_272' title='bbox 1202 1240 1357 1273; x_wconf 81' lang='grc' dir='ltr'>ἀπόκτισ</span> <span class='ocrx_word' id='word_1_273' title='bbox 1378 1271 1380 1274; x_wconf 90' lang='lat'>.</span> 
     </span>
     <span class='ocr_line' id='line_1_35' title="bbox 155 1281 1373 1324; baseline 0.001 -10"><span class='ocrx_word' id='word_1_274' title='bbox 155 1282 328 1324; x_wconf 80' lang='grc' dir='ltr'>ἀπέχουσα</span> <span class='ocrx_word' id='word_1_275' title='bbox 351 1285 412 1320; x_wconf 89' lang='grc' dir='ltr'>τῆς</span> <span class='ocrx_word' id='word_1_276' title='bbox 429 1282 556 1323; x_wconf 85' lang='grc' dir='ltr'>Ῥώμης</span> <span class='ocrx_word' id='word_1_277' title='bbox 575 1281 726 1319; x_wconf 75' lang='grc' dir='ltr'>σταδίους</span> <span class='ocrx_word' id='word_1_278' title='bbox 749 1281 981 1314; x_wconf 69' lang='grc' dir='ltr'>ἑκατόν-νῦν</span> <span class='ocrx_word' id='word_1_279' title='bbox 999 1282 1059 1324; x_wconf 84' lang='grc' dir='ltr'>μὲν</span> <span class='ocrx_word' id='word_1_280' title='bbox 1083 1281 1185 1314; x_wconf 78' lang='grc' dir='ltr'>οὐκέτι</span> <span class='ocrx_word' id='word_1_281' title='bbox 1208 1290 1373 1315; x_wconf 62' lang='grc' dir='ltr'>συνοικονυ</span> 
     </span>
     <span class='ocr_line' id='line_1_36' title="bbox 154 1323 1373 1367; baseline 0 -11"><span class='ocrx_word' id='word_1_282' title='bbox 154 1325 236 1367; x_wconf 83' lang='grc' dir='ltr'>μένη</span> <span class='ocrx_word' id='word_1_283' title='bbox 253 1327 357 1364; x_wconf 83' lang='grc' dir='ltr'>πᾶσα,</span> <span class='ocrx_word' id='word_1_284' title='bbox 377 1326 470 1363; x_wconf 87' lang='grc' dir='ltr'>πλὴν</span> <span class='ocrx_word' id='word_1_285' title='bbox 492 1324 552 1355; x_wconf 85' lang='grc' dir='ltr'>ὅσα</span> <span class='ocrx_word' id='word_1_286' title='bbox 573 1323 651 1366; x_wconf 80' lang='grc' dir='ltr'>μέρη</span> <span class='ocrx_word' id='word_1_287' title='bbox 673 1323 904 1356; x_wconf 80' lang='grc' dir='ltr'>πανδοκεύεται</span> <span class='ocrx_word' id='word_1_288' title='bbox 923 1325 1005 1356; x_wconf 83' lang='grc' dir='ltr'>κατὰ</span> <span class='ocrx_word' id='word_1_289' title='bbox 1025 1325 1090 1363; x_wconf 79' lang='grc' dir='ltr'>τὴν</span> <span class='ocrx_word' id='word_1_290' title='bbox 1110 1323 1196 1357; x_wconf 85' lang='grc' dir='ltr'>ὁδόν.</span> <span class='ocrx_word' id='word_1_291' title='bbox 1238 1323 1373 1366; x_wconf 45' lang='lat' dir='ltr'>Proper&amp;</span> 
     </span>
     <span class='ocr_line' id='line_1_37' title="bbox 155 1364 1374 1407; baseline 0 -8"><span class='ocrx_word' id='word_1_292' title='bbox 155 1371 185 1404; x_wconf 83' lang='lat'>4,</span> <span class='ocrx_word' id='word_1_293' title='bbox 201 1369 227 1404; x_wconf 95' lang='lat'>1,</span> <span class='ocrx_word' id='word_1_294' title='bbox 241 1370 290 1404; x_wconf 81' lang='lat'>34,</span> <span class='ocrx_word' id='word_1_295' title='bbox 307 1370 348 1399; x_wconf 82' lang='lat' dir='ltr'>Et</span> <span class='ocrx_word' id='word_1_296' title='bbox 360 1371 410 1407; x_wconf 82' lang='lat' dir='ltr'>qui</span> <span class='ocrx_word' id='word_1_297' title='bbox 424 1379 498 1398; x_wconf 80' lang='lat' dir='ltr'>nuuc</span> <span class='ocrx_word' id='word_1_298' title='bbox 508 1370 592 1404; x_wconf 80' lang='lat' dir='ltr'>nulli,</span> <span class='ocrx_word' id='word_1_299' title='bbox 607 1370 732 1398; x_wconf 78' lang='lat' dir='ltr'>maxima</span> <span class='ocrx_word' id='word_1_300' title='bbox 748 1370 835 1398; x_wconf 79' lang='lat' dir='ltr'>turba</span> <span class='ocrx_word' id='word_1_301' title='bbox 854 1369 939 1398; x_wconf 78' lang='lat' dir='ltr'>Gabi.</span> <span class='ocrx_word' id='word_1_302' title='bbox 975 1369 1175 1398; x_wconf 87' lang='lat' dir='ltr'>Monumenta</span> <span class='ocrx_word' id='word_1_303' title='bbox 1186 1378 1204 1398; x_wconf 85' lang='lat' dir='ltr'>a</span> <span class='ocrx_word' id='word_1_304' title='bbox 1218 1364 1374 1403; x_wconf 54' lang='lat' dir='ltr'>Visconti&#39;&amp;</span> 
     </span>
     <span class='ocr_line' id='line_1_38' title="bbox 155 1411 1371 1451; baseline 0.001 -11"><span class='ocrx_word' id='word_1_305' title='bbox 155 1412 305 1450; x_wconf 84' lang='lat' dir='ltr'>descripta</span> <span class='ocrx_word' id='word_1_306' title='bbox 320 1418 439 1449; x_wconf 86' lang='lat' dir='ltr'>reperta</span> <span class='ocrx_word' id='word_1_307' title='bbox 453 1418 524 1440; x_wconf 85' lang='lat' dir='ltr'>sunt</span> <span class='ocrx_word' id='word_1_308' title='bbox 539 1420 632 1450; x_wconf 88' lang='lat' dir='ltr'>prope</span> <span class='ocrx_word' id='word_1_309' title='bbox 649 1412 745 1439; x_wconf 84' lang='lat' dir='ltr'>lacum</span> <span class='ocrx_word' id='word_1_310' title='bbox 758 1411 921 1446; x_wconf 85' lang='lat' dir='ltr'>Gabinum,</span> <span class='ocrx_word' id='word_1_311' title='bbox 937 1411 1027 1440; x_wconf 89' lang='lat' dir='ltr'>hodie</span> <span class='ocrx_word' id='word_1_312' title='bbox 1043 1411 1126 1450; x_wconf 84' lang='lat' dir='ltr'>Lago</span> <span class='ocrx_word' id='word_1_313' title='bbox 1139 1412 1171 1441; x_wconf 66' lang='lat' dir='ltr'>dn·</span> <span class='ocrx_word' id='word_1_314' title='bbox 1184 1412 1371 1451; x_wconf 60' lang='lat' dir='ltr'>Castigliono,</span> 
     </span>
     <span class='ocr_line' id='line_1_39' title="bbox 153 1451 1372 1493; baseline 0.002 -10"><span class='ocrx_word' id='word_1_315' title='bbox 153 1454 187 1483; x_wconf 88' lang='lat' dir='ltr'>in</span> <span class='ocrx_word' id='word_1_316' title='bbox 217 1455 280 1484; x_wconf 91' lang='lat' dir='ltr'>loco</span> <span class='ocrx_word' id='word_1_317' title='bbox 309 1454 400 1483; x_wconf 89' lang='lat' dir='ltr'>hodie</span> <span class='ocrx_word' id='word_1_318' title='bbox 428 1454 582 1482; x_wconf 88' lang='lat' dir='ltr'>nominato</span> <span class='ocrx_word' id='word_1_319' title='bbox 612 1454 730 1483; x_wconf 71' lang='lat' dir='ltr'>Panion</span> <span class='ocrx_word' id='word_1_320' title='bbox 755 1453 800 1483; x_wconf 85' lang='lat' dir='ltr'>de’</span> <span class='ocrx_word' id='word_1_321' title='bbox 835 1454 928 1490; x_wconf 63' lang='lat' dir='ltr'>Grzjffi&#39;.</span> <span class='ocrx_word' id='word_1_322' title='bbox 947 1469 988 1474; x_wconf 97' lang='lat'>—</span> <span class='ocrx_word' id='word_1_323' title='bbox 1003 1451 1157 1493; x_wconf 63' lang='lat' dir='ltr'>[Fidenae]</span> <span class='ocrx_word' id='word_1_324' title='bbox 1191 1454 1372 1485; x_wconf 65' lang='lat' dir='ltr'>Sabinorum</span> 
     </span>
     <span class='ocr_line' id='line_1_40' title="bbox 153 1494 1370 1535; baseline 0.001 -10"><span class='ocrx_word' id='word_1_325' title='bbox 153 1497 310 1535; x_wconf 89' lang='lat' dir='ltr'>oppidum,</span> <span class='ocrx_word' id='word_1_326' title='bbox 340 1506 432 1535; x_wconf 87' lang='lat' dir='ltr'>prope</span> <span class='ocrx_word' id='word_1_327' title='bbox 463 1497 602 1530; x_wconf 83' lang='lat' dir='ltr'>Romam,</span> <span class='ocrx_word' id='word_1_328' title='bbox 628 1494 750 1534; x_wconf 85' lang='lat' dir='ltr'>(Strabo</span> <span class='ocrx_word' id='word_1_329' title='bbox 773 1497 802 1531; x_wconf 88' lang='lat'>5,</span> <span class='ocrx_word' id='word_1_330' title='bbox 828 1505 858 1533; x_wconf 91' lang='lat' dir='ltr'>p.</span> <span class='ocrx_word' id='word_1_331' title='bbox 878 1495 940 1524; x_wconf 83' lang='lat'>226</span> <span class='ocrx_word' id='word_1_332' title='bbox 960 1501 990 1524; x_wconf 88' lang='lat' dir='ltr'>et</span> <span class='ocrx_word' id='word_1_333' title='bbox 1012 1495 1098 1535; x_wconf 83' lang='lat'>230.)</span> <span class='ocrx_word' id='word_1_334' title='bbox 1128 1497 1212 1534; x_wconf 81' lang='lat' dir='ltr'>cujus</span> <span class='ocrx_word' id='word_1_335' title='bbox 1235 1496 1370 1535; x_wconf 62' lang='lat' dir='ltr'>reliquie</span> 
     </span>
     <span class='ocr_line' id='line_1_41' title="bbox 154 1538 1368 1578; baseline 0 -10"><span class='ocrx_word' id='word_1_336' title='bbox 154 1544 275 1568; x_wconf 83' lang='lat' dir='ltr'>exstant</span> <span class='ocrx_word' id='word_1_337' title='bbox 290 1548 382 1576; x_wconf 84' lang='lat' dir='ltr'>prope</span> <span class='ocrx_word' id='word_1_338' title='bbox 398 1539 477 1567; x_wconf 82' lang='lat' dir='ltr'>vicos</span> <span class='ocrx_word' id='word_1_339' title='bbox 501 1539 635 1567; x_wconf 79' lang='lat' dir='ltr'>Giubileo</span> <span class='ocrx_word' id='word_1_340' title='bbox 655 1543 683 1566; x_wconf 81' lang='lat' dir='ltr'>et</span> <span class='ocrx_word' id='word_1_341' title='bbox 700 1539 882 1576; x_wconf 79' lang='lat' dir='ltr'>Serpenlina.</span> <span class='ocrx_word' id='word_1_342' title='bbox 927 1538 1027 1567; x_wconf 82' lang='lat' dir='ltr'>Prima</span> <span class='ocrx_word' id='word_1_343' title='bbox 1046 1538 1145 1575; x_wconf 79' lang='lat' dir='ltr'>longa,</span> <span class='ocrx_word' id='word_1_344' title='bbox 1169 1544 1272 1567; x_wconf 87' lang='lat' dir='ltr'>eontra</span> <span class='ocrx_word' id='word_1_345' title='bbox 1288 1538 1368 1578; x_wconf 66' lang='lat' dir='ltr'>Virss.</span> 
     </span>
     <span class='ocr_line' id='line_1_42' title="bbox 153 1577 1390 1619; baseline 0 -9"><span class='ocrx_word' id='word_1_346' title='bbox 153 1581 225 1610; x_wconf 86' lang='lat' dir='ltr'>AEn.</span> <span class='ocrx_word' id='word_1_347' title='bbox 242 1582 271 1617; x_wconf 80' lang='lat'>6,</span> <span class='ocrx_word' id='word_1_348' title='bbox 289 1580 359 1616; x_wconf 89' lang='grc'><strong>773,</strong></span> <span class='ocrx_word' id='word_1_349' title='bbox 375 1583 528 1619; x_wconf 78' lang='lat' dir='ltr'>urbemque</span> <span class='ocrx_word' id='word_1_350' title='bbox 543 1581 695 1610; x_wconf 82' lang='lat' dir='ltr'>Fidenam.</span> <span class='ocrx_word' id='word_1_351' title='bbox 707 1577 889 1619; x_wconf 81' lang='lat' dir='ltr'>—-—[vellem]</span> <span class='ocrx_word' id='word_1_352' title='bbox 914 1580 922 1595; x_wconf 92' lang='lat'>‘</span> <span class='ocrx_word' id='word_1_353' title='bbox 935 1580 981 1608; x_wconf 91' lang='lat' dir='ltr'>vel</span> <span class='ocrx_word' id='word_1_354' title='bbox 997 1579 1039 1609; x_wconf 87' lang='lat' dir='ltr'>ibi</span> <span class='ocrx_word' id='word_1_355' title='bbox 1054 1590 1140 1619; x_wconf 89' lang='lat' dir='ltr'>aequo</span> <span class='ocrx_word' id='word_1_356' title='bbox 1153 1580 1255 1610; x_wconf 87' lang='lat' dir='ltr'>animo</span> <span class='ocrx_word' id='word_1_357' title='bbox 1271 1581 1367 1612; x_wconf 69' lang='lat' dir='ltr'>vivere</span> <span class='ocrx_word' id='word_1_358' title='bbox 1388 1613 1390 1615; x_wconf 25' lang='lat'><strong><em>¹</em></strong></span> 
     </span>
    </p>
   </div>
   <div class='ocr_carea' id='block_1_8' title="bbox 147 1623 1390 2382">
    <p class='ocr_par' dir='ltr' id='par_1_8' title="bbox 151 1623 523 1662">
     <span class='ocr_line' id='line_1_43' title="bbox 151 1623 523 1662; baseline -0.003 -10"><span class='ocrx_word' id='word_1_359' title='bbox 151 1633 282 1662; x_wconf 85' lang='lat' dir='ltr'>possem,</span> <span class='ocrx_word' id='word_1_360' title='bbox 298 1624 322 1652; x_wconf 86' lang='lat' dir='ltr'>si</span> <span class='ocrx_word' id='word_1_361' title='bbox 337 1633 412 1661; x_wconf 85' lang='lat' dir='ltr'>opus</span> <span class='ocrx_word' id='word_1_362' title='bbox 426 1623 523 1652; x_wconf 65' lang='lat' dir='ltr'>foret!</span> 
     </span>
    </p>

    <p class='ocr_par' dir='ltr' id='par_1_9' title="bbox 147 1662 1390 2003">
     <span class='ocr_line' id='line_1_44' title="bbox 196 1662 1390 1704; baseline -0.001 -8"><span class='ocrx_word' id='word_1_363' title='bbox 196 1667 225 1702; x_wconf 84' lang='lat'>9,</span> <span class='ocrx_word' id='word_1_364' title='bbox 244 1665 290 1695; x_wconf 89' lang='grc'>10.</span> <span class='ocrx_word' id='word_1_365' title='bbox 317 1662 523 1704; x_wconf 78' lang='lat' dir='ltr'>[oblitusque]</span> <span class='ocrx_word' id='word_1_366' title='bbox 547 1666 554 1680; x_wconf 82' lang='lat'>‘</span> <span class='ocrx_word' id='word_1_367' title='bbox 567 1665 670 1696; x_wconf 80' lang='lat' dir='ltr'>Quum</span> <span class='ocrx_word' id='word_1_368' title='bbox 691 1664 732 1692; x_wconf 92' lang='lat' dir='ltr'>ibi</span> <span class='ocrx_word' id='word_1_369' title='bbox 753 1663 915 1702; x_wconf 84' lang='lat' dir='ltr'>tranquille</span> <span class='ocrx_word' id='word_1_370' title='bbox 934 1673 1069 1693; x_wconf 83' lang='lat' dir='ltr'>versarer</span> <span class='ocrx_word' id='word_1_371' title='bbox 1086 1663 1119 1693; x_wconf 87' lang='lat' dir='ltr'>in</span> <span class='ocrx_word' id='word_1_372' title='bbox 1139 1665 1365 1703; x_wconf 53' lang='lat' dir='ltr'>contemplandi&amp;</span> <span class='ocrx_word' id='word_1_373' title='bbox 1385 1681 1390 1701; x_wconf 64' lang='lat'>1</span> 
     </span>
     <span class='ocr_line' id='line_1_45' title="bbox 153 1706 1390 1750; baseline 0.001 -14"><span class='ocrx_word' id='word_1_374' title='bbox 153 1709 281 1737; x_wconf 85' lang='lat' dir='ltr'>terribili</span> <span class='ocrx_word' id='word_1_375' title='bbox 314 1708 464 1745; x_wconf 75' lang='lat' dir='ltr'>simulque</span> <span class='ocrx_word' id='word_1_376' title='bbox 493 1707 654 1744; x_wconf 88' lang='lat' dir='ltr'>magnifico</span> <span class='ocrx_word' id='word_1_377' title='bbox 685 1707 776 1735; x_wconf 83' lang='lat' dir='ltr'>maris</span> <span class='ocrx_word' id='word_1_378' title='bbox 805 1706 916 1735; x_wconf 86' lang='lat' dir='ltr'>turbati</span> <span class='ocrx_word' id='word_1_379' title='bbox 943 1707 1123 1745; x_wconf 85' lang='lat' dir='ltr'>spectaculo,</span> <span class='ocrx_word' id='word_1_380' title='bbox 1158 1707 1206 1736; x_wconf 87' lang='lat' dir='ltr'>vel</span> <span class='ocrx_word' id='word_1_381' title='bbox 1235 1707 1390 1750; x_wconf 56' lang='lat' dir='ltr'>oblivisci5</span> 
     </span>
     <span class='ocr_line' id='line_1_46' title="bbox 152 1749 1390 1788; baseline -0.003 -9"><span class='ocrx_word' id='word_1_382' title='bbox 152 1759 273 1788; x_wconf 84' lang='lat' dir='ltr'>possem</span> <span class='ocrx_word' id='word_1_383' title='bbox 287 1751 325 1778; x_wconf 89' lang='lat' dir='ltr'>ad</span> <span class='ocrx_word' id='word_1_384' title='bbox 341 1755 460 1787; x_wconf 86' lang='lat' dir='ltr'>tempus</span> <span class='ocrx_word' id='word_1_385' title='bbox 475 1749 695 1778; x_wconf 86' lang='lat' dir='ltr'>carissimorum</span> <span class='ocrx_word' id='word_1_386' title='bbox 709 1758 845 1778; x_wconf 89' lang='lat' dir='ltr'>meorum</span> <span class='ocrx_word' id='word_1_387' title='bbox 861 1749 1024 1778; x_wconf 86' lang='lat' dir='ltr'>amicorum</span> <span class='ocrx_word' id='word_1_388' title='bbox 1039 1754 1070 1778; x_wconf 89' lang='lat' dir='ltr'>et</span> <span class='ocrx_word' id='word_1_389' title='bbox 1080 1758 1166 1787; x_wconf 86' lang='lat' dir='ltr'>aequo</span> <span class='ocrx_word' id='word_1_390' title='bbox 1180 1749 1282 1779; x_wconf 87' lang='lat' dir='ltr'>animo</span> <span class='ocrx_word' id='word_1_391' title='bbox 1296 1749 1358 1788; x_wconf 77' lang='lat' dir='ltr'>pati</span> <span class='ocrx_word' id='word_1_392' title='bbox 1380 1753 1390 1775; x_wconf 62' lang='grc' dir='ltr'>Ἴ.</span> 
     </span>
     <span class='ocr_line' id='line_1_47' title="bbox 152 1790 1362 1831; baseline 0 -10"><span class='ocrx_word' id='word_1_393' title='bbox 152 1793 178 1821; x_wconf 90' lang='lat' dir='ltr'>si</span> <span class='ocrx_word' id='word_1_394' title='bbox 194 1792 250 1831; x_wconf 87' lang='lat' dir='ltr'>ipsi</span> <span class='ocrx_word' id='word_1_395' title='bbox 270 1802 390 1830; x_wconf 86' lang='lat' dir='ltr'>quoque</span> <span class='ocrx_word' id='word_1_396' title='bbox 406 1793 436 1820; x_wconf 93' lang='lat' dir='ltr'>in</span> <span class='ocrx_word' id='word_1_397' title='bbox 452 1801 569 1820; x_wconf 83' lang='lat' dir='ltr'>secessu</span> <span class='ocrx_word' id='word_1_398' title='bbox 589 1801 656 1820; x_wconf 87' lang='lat' dir='ltr'>meo</span> <span class='ocrx_word' id='word_1_399' title='bbox 671 1791 730 1820; x_wconf 90' lang='lat' dir='ltr'>mei</span> <span class='ocrx_word' id='word_1_400' title='bbox 746 1790 899 1820; x_wconf 84' lang='lat' dir='ltr'>interdum</span> <span class='ocrx_word' id='word_1_401' title='bbox 915 1791 1182 1821; x_wconf 62' lang='lat' dir='ltr'>obliviscerentur!</span> <span class='ocrx_word' id='word_1_402' title='bbox 1226 1792 1362 1822; x_wconf 63' lang='lat' dir='ltr'>Ceterum</span> 
     </span>
     <span class='ocr_line' id='line_1_48' title="bbox 152 1833 1362 1872; baseline 0 -9"><span class='ocrx_word' id='word_1_403' title='bbox 152 1834 210 1864; x_wconf 88' lang='lat' dir='ltr'>hoc</span> <span class='ocrx_word' id='word_1_404' title='bbox 225 1844 344 1872; x_wconf 90' lang='lat' dir='ltr'>quoque</span> <span class='ocrx_word' id='word_1_405' title='bbox 361 1834 379 1863; x_wconf 91' lang='lat' dir='ltr'>l.</span> <span class='ocrx_word' id='word_1_406' title='bbox 393 1840 462 1862; x_wconf 85' lang='lat' dir='ltr'>sunt</span> <span class='ocrx_word' id='word_1_407' title='bbox 479 1834 594 1862; x_wconf 87' lang='lat' dir='ltr'>semina</span> <span class='ocrx_word' id='word_1_408' title='bbox 610 1834 753 1862; x_wconf 83' lang='lat' dir='ltr'>doctrinae</span> <span class='ocrx_word' id='word_1_409' title='bbox 770 1833 887 1862; x_wconf 84' lang='lat' dir='ltr'>Stoicae.</span> <span class='ocrx_word' id='word_1_410' title='bbox 931 1833 1050 1863; x_wconf 85' lang='lat' dir='ltr'>Arrian.</span> <span class='ocrx_word' id='word_1_411' title='bbox 1068 1834 1166 1872; x_wconf 86' lang='lat' dir='ltr'>Epict.</span> <span class='ocrx_word' id='word_1_412' title='bbox 1187 1833 1215 1869; x_wconf 87' lang='grc'>3,</span> <span class='ocrx_word' id='word_1_413' title='bbox 1233 1834 1282 1870; x_wconf 83' lang='grc'>24,</span> <span class='ocrx_word' id='word_1_414' title='bbox 1301 1833 1362 1866; x_wconf 43' lang='lat' dir='ltr'>loo*</span> 
     </span>
     <span class='ocr_line' id='line_1_49' title="bbox 147 1872 1359 1916; baseline -0.001 -10"><span class='ocrx_word' id='word_1_415' title='bbox 147 1874 213 1906; x_wconf 74' lang='lat' dir='ltr'>”Av</span> <span class='ocrx_word' id='word_1_416' title='bbox 237 1875 271 1906; x_wconf 77' lang='grc' dir='ltr'>ἐν</span> <span class='ocrx_word' id='word_1_417' title='bbox 293 1873 427 1916; x_wconf 85' lang='grc' dir='ltr'>Γυάροις</span> <span class='ocrx_word' id='word_1_418' title='bbox 446 1874 496 1913; x_wconf 81' lang='grc' dir='ltr'><strong>ἦς,</strong></span> <span class='ocrx_word' id='word_1_419' title='bbox 519 1875 564 1915; x_wconf 89' lang='grc' dir='ltr'>μὴ</span> <span class='ocrx_word' id='word_1_420' title='bbox 591 1873 787 1905; x_wconf 83' lang='grc' dir='ltr'>ἀνάπλασσε</span> <span class='ocrx_word' id='word_1_421' title='bbox 809 1874 870 1912; x_wconf 85' lang='grc' dir='ltr'>τήν</span> <span class='ocrx_word' id='word_1_422' title='bbox 889 1872 924 1904; x_wconf 77' lang='grc' dir='ltr'>ἐν</span> <span class='ocrx_word' id='word_1_423' title='bbox 947 1873 1052 1916; x_wconf 74' lang='grc' dir='ltr'>Ῥώμῃ</span> <span class='ocrx_word' id='word_1_424' title='bbox 1071 1872 1359 1916; x_wconf 63' lang='grc' dir='ltr'>διατριβὴν-ἀλλ</span> 
     </span>
     <span class='ocr_line' id='line_1_50' title="bbox 153 1914 1360 1959; baseline -0.002 -10"><span class='ocrx_word' id='word_1_425' title='bbox 153 1917 214 1949; x_wconf 78' lang='grc' dir='ltr'>ἐκεῖ</span> <span class='ocrx_word' id='word_1_426' title='bbox 236 1915 360 1952; x_wconf 81' lang='grc' dir='ltr'>τέτασο,</span> <span class='ocrx_word' id='word_1_427' title='bbox 384 1917 473 1953; x_wconf 80' lang='grc' dir='ltr'>ὅπως</span> <span class='ocrx_word' id='word_1_428' title='bbox 495 1915 540 1947; x_wconf 87' lang='grc' dir='ltr'>δεῖ</span> <span class='ocrx_word' id='word_1_429' title='bbox 567 1916 626 1948; x_wconf 84' lang='grc' dir='ltr'>τὸν</span> <span class='ocrx_word' id='word_1_430' title='bbox 651 1917 686 1948; x_wconf 81' lang='grc' dir='ltr'>ἐν</span> <span class='ocrx_word' id='word_1_431' title='bbox 709 1915 847 1957; x_wconf 82' lang='grc' dir='ltr'>Γυάροις</span> <span class='ocrx_word' id='word_1_432' title='bbox 869 1914 1038 1958; x_wconf 80' lang='grc' dir='ltr'>διάγοντα,</span> <span class='ocrx_word' id='word_1_433' title='bbox 1059 1915 1094 1947; x_wconf 79' lang='grc' dir='ltr'>ἐν</span> <span class='ocrx_word' id='word_1_434' title='bbox 1119 1917 1252 1959; x_wconf 85' lang='grc' dir='ltr'>Γυάροις</span> <span class='ocrx_word' id='word_1_435' title='bbox 1273 1914 1360 1958; x_wconf 75' lang='grc' dir='ltr'><strong><em>ὲῤῥω-</em></strong></span> 
     </span>
     <span class='ocr_line' id='line_1_51' title="bbox 150 1958 403 2003; baseline -0.012 -11"><span class='ocrx_word' id='word_1_436' title='bbox 150 1959 256 2003; x_wconf 83' lang='grc' dir='ltr'>μένως</span> <span class='ocrx_word' id='word_1_437' title='bbox 270 1958 403 2000; x_wconf 83' lang='grc' dir='ltr'>διάγειν.</span> 
     </span>
    </p>

    <p class='ocr_par' dir='ltr' id='par_1_10' title="bbox 148 1998 1358 2382">
     <span class='ocr_line' id='line_1_52' title="bbox 198 1998 1358 2042; baseline -0.001 -9"><span class='ocrx_word' id='word_1_438' title='bbox 198 2003 327 2033; x_wconf 84' lang='lat'>11-16.</span> <span class='ocrx_word' id='word_1_439' title='bbox 354 2002 428 2042; x_wconf 86' lang='lat' dir='ltr'>[Sed</span> <span class='ocrx_word' id='word_1_440' title='bbox 451 2001 558 2042; x_wconf 81' lang='lat' dir='ltr'>neque]</span> <span class='ocrx_word' id='word_1_441' title='bbox 590 2002 710 2032; x_wconf 83' lang='lat' dir='ltr'>Arrian.</span> <span class='ocrx_word' id='word_1_442' title='bbox 728 2002 827 2040; x_wconf 87' lang='lat' dir='ltr'>Epict.</span> <span class='ocrx_word' id='word_1_443' title='bbox 846 2002 875 2037; x_wconf 87' lang='grc'>2,</span> <span class='ocrx_word' id='word_1_444' title='bbox 901 2002 951 2038; x_wconf 88' lang='grc'>23,</span> <span class='ocrx_word' id='word_1_445' title='bbox 971 1998 1021 2038; x_wconf 83' lang='grc'>36,</span> <span class='ocrx_word' id='word_1_446' title='bbox 1043 1998 1122 2032; x_wconf 65' lang='lat' dir='ltr'>Olor</span> <span class='ocrx_word' id='word_1_447' title='bbox 1145 1998 1172 2031; x_wconf 72' lang='grc' dir='ltr'>εἴ</span> <span class='ocrx_word' id='word_1_448' title='bbox 1191 2011 1240 2038; x_wconf 78' lang='grc' dir='ltr'>τις</span> <span class='ocrx_word' id='word_1_449' title='bbox 1258 1998 1358 2032; x_wconf 72' lang='grc' dir='ltr'>ἀπιῶι</span> 
     </span>
     <span class='ocr_line' id='line_1_53' title="bbox 154 2041 1354 2085; baseline -0.001 -10"><span class='ocrx_word' id='word_1_450' title='bbox 154 2042 200 2082; x_wconf 80' lang='grc' dir='ltr'>εἷς</span> <span class='ocrx_word' id='word_1_451' title='bbox 215 2044 280 2083; x_wconf 86' lang='grc' dir='ltr'>τήν</span> <span class='ocrx_word' id='word_1_452' title='bbox 296 2042 436 2085; x_wconf 78' lang='grc' dir='ltr'>πατρίδα</span> <span class='ocrx_word' id='word_1_453' title='bbox 451 2044 515 2082; x_wconf 86' lang='grc' dir='ltr'>τὴν</span> <span class='ocrx_word' id='word_1_454' title='bbox 527 2043 643 2075; x_wconf 80' lang='grc' dir='ltr'>ἑαυτοῦ</span> <span class='ocrx_word' id='word_1_455' title='bbox 660 2043 712 2075; x_wconf 79' lang='grc' dir='ltr'>καὶ</span> <span class='ocrx_word' id='word_1_456' title='bbox 727 2041 878 2074; x_wconf 81' lang='grc' dir='ltr'>διοδεύων</span> <span class='ocrx_word' id='word_1_457' title='bbox 893 2041 1088 2074; x_wconf 79' lang='grc' dir='ltr'>πανδοκεῖον</span> <span class='ocrx_word' id='word_1_458' title='bbox 1103 2043 1217 2083; x_wconf 81' lang='grc' dir='ltr'>καλόν,</span> <span class='ocrx_word' id='word_1_459' title='bbox 1234 2042 1354 2084; x_wconf 78' lang='grc' dir='ltr'>ἀρέσαν</span> 
     </span>
     <span class='ocr_line' id='line_1_54' title="bbox 152 2083 1354 2128; baseline -0.002 -10"><span class='ocrx_word' id='word_1_460' title='bbox 152 2098 210 2124; x_wconf 83' lang='grc' dir='ltr'>τος</span> <span class='ocrx_word' id='word_1_461' title='bbox 234 2087 326 2128; x_wconf 76' lang='grc' dir='ltr'>αὐτῷ</span> <span class='ocrx_word' id='word_1_462' title='bbox 353 2087 411 2117; x_wconf 82' lang='grc' dir='ltr'>τοῦ</span> <span class='ocrx_word' id='word_1_463' title='bbox 440 2085 646 2125; x_wconf 80' lang='grc' dir='ltr'>πανδοκείου,</span> <span class='ocrx_word' id='word_1_464' title='bbox 674 2083 849 2126; x_wconf 76' lang='grc' dir='ltr'>καταμένοι</span> <span class='ocrx_word' id='word_1_465' title='bbox 877 2084 912 2116; x_wconf 83' lang='grc' dir='ltr'>ἐν</span> <span class='ocrx_word' id='word_1_466' title='bbox 941 2085 987 2126; x_wconf 78' lang='grc' dir='ltr'>τῷ</span> <span class='ocrx_word' id='word_1_467' title='bbox 1015 2084 1195 2126; x_wconf 80' lang='grc' dir='ltr'>πανδοκείῳ</span> <span class='ocrx_word' id='word_1_468' title='bbox 1224 2096 1251 2116; x_wconf 79' lang='grc' dir='ltr'>κ.</span> <span class='ocrx_word' id='word_1_469' title='bbox 1281 2096 1308 2116; x_wconf 88' lang='grc' dir='ltr'>τ.</span> <span class='ocrx_word' id='word_1_470' title='bbox 1333 2084 1354 2116; x_wconf 89' lang='grc' dir='ltr'>λ</span> 
     </span>
     <span class='ocr_line' id='line_1_55' title="bbox 153 2128 1355 2168; baseline -0.002 -9"><span class='ocrx_word' id='word_1_471' title='bbox 153 2132 161 2147; x_wconf 90' lang='lat'>‘</span> <span class='ocrx_word' id='word_1_472' title='bbox 175 2132 307 2160; x_wconf 85' lang='lat' dir='ltr'>Summae</span> <span class='ocrx_word' id='word_1_473' title='bbox 326 2129 442 2168; x_wconf 55' lang='lat' dir='ltr'>igitur-st</span> <span class='ocrx_word' id='word_1_474' title='bbox 468 2130 577 2167; x_wconf 86' lang='lat' dir='ltr'>inquit,</span> <span class='ocrx_word' id='word_1_475' title='bbox 601 2129 756 2158; x_wconf 73' lang='lat' dir='ltr'>‘stultitiae</span> <span class='ocrx_word' id='word_1_476' title='bbox 780 2134 868 2164; x_wconf 85' lang='lat' dir='ltr'>esset,</span> <span class='ocrx_word' id='word_1_477' title='bbox 893 2128 918 2157; x_wconf 90' lang='lat' dir='ltr'>si</span> <span class='ocrx_word' id='word_1_478' title='bbox 942 2129 1008 2167; x_wconf 84' lang='lat' dir='ltr'>quis</span> <span class='ocrx_word' id='word_1_479' title='bbox 1033 2129 1064 2158; x_wconf 89' lang='lat' dir='ltr'>in</span> <span class='ocrx_word' id='word_1_480' title='bbox 1086 2129 1134 2158; x_wconf 66' lang='lat' dir='ltr'>visi</span> <span class='ocrx_word' id='word_1_481' title='bbox 1153 2129 1252 2167; x_wconf 67' lang='lat' dir='ltr'>Appia</span> <span class='ocrx_word' id='word_1_482' title='bbox 1270 2128 1355 2158; x_wconf 78' lang='lat' dir='ltr'>imbrv</span> 
     </span>
     <span class='ocr_line' id='line_1_56' title="bbox 150 2171 1354 2211; baseline -0.002 -9"><span class='ocrx_word' id='word_1_483' title='bbox 150 2173 403 2211; x_wconf 81' lang='lat' dir='ltr'>permadefactus,</span> <span class='ocrx_word' id='word_1_484' title='bbox 427 2182 487 2201; x_wconf 88' lang='lat' dir='ltr'>non</span> <span class='ocrx_word' id='word_1_485' title='bbox 518 2172 574 2201; x_wconf 90' lang='lat' dir='ltr'>iter</span> <span class='ocrx_word' id='word_1_486' title='bbox 600 2176 751 2210; x_wconf 85' lang='lat' dir='ltr'>pergeret,</span> <span class='ocrx_word' id='word_1_487' title='bbox 779 2172 832 2200; x_wconf 89' lang='lat' dir='ltr'>sed</span> <span class='ocrx_word' id='word_1_488' title='bbox 858 2171 888 2200; x_wconf 90' lang='lat' dir='ltr'>in</span> <span class='ocrx_word' id='word_1_489' title='bbox 909 2172 1046 2210; x_wconf 60' lang='lat' dir='ltr'>caupona</span> <span class='ocrx_word' id='word_1_490' title='bbox 1070 2180 1135 2200; x_wconf 85' lang='lat' dir='ltr'>sese</span> <span class='ocrx_word' id='word_1_491' title='bbox 1160 2171 1293 2205; x_wconf 76' lang='lat' dir='ltr'>abderet,</span> <span class='ocrx_word' id='word_1_492' title='bbox 1319 2179 1354 2200; x_wconf 86' lang='lat' dir='ltr'>ve</span> 
     </span>
     <span class='ocr_line' id='line_1_57' title="bbox 150 2213 1353 2253; baseline -0.002 -9"><span class='ocrx_word' id='word_1_493' title='bbox 150 2214 262 2253; x_wconf 83' lang='lat' dir='ltr'>frigore</span> <span class='ocrx_word' id='word_1_494' title='bbox 279 2215 404 2244; x_wconf 83' lang='lat' dir='ltr'>hiberno</span> <span class='ocrx_word' id='word_1_495' title='bbox 419 2221 573 2253; x_wconf 86' lang='lat' dir='ltr'>correptus</span> <span class='ocrx_word' id='word_1_496' title='bbox 588 2220 618 2243; x_wconf 86' lang='lat' dir='ltr'>et</span> <span class='ocrx_word' id='word_1_497' title='bbox 629 2215 740 2252; x_wconf 86' lang='lat' dir='ltr'>rigens,</span> <span class='ocrx_word' id='word_1_498' title='bbox 755 2222 817 2243; x_wconf 91' lang='lat' dir='ltr'>non</span> <span class='ocrx_word' id='word_1_499' title='bbox 831 2213 900 2242; x_wconf 89' lang='lat' dir='ltr'>ideo</span> <span class='ocrx_word' id='word_1_500' title='bbox 914 2213 947 2242; x_wconf 88' lang='lat' dir='ltr'>in</span> <span class='ocrx_word' id='word_1_501' title='bbox 961 2213 1091 2251; x_wconf 86' lang='lat' dir='ltr'>aliquem</span> <span class='ocrx_word' id='word_1_502' title='bbox 1107 2213 1226 2252; x_wconf 75' lang='lat' dir='ltr'>pistoris</span> <span class='ocrx_word' id='word_1_503' title='bbox 1241 2213 1353 2242; x_wconf 72' lang='lat' dir='ltr'>furnum</span> 
     </span>
     <span class='ocr_line' id='line_1_58' title="bbox 151 2254 1351 2295; baseline -0.002 -9"><span class='ocrx_word' id='word_1_504' title='bbox 151 2258 199 2286; x_wconf 79' lang='lat' dir='ltr'>vel</span> <span class='ocrx_word' id='word_1_505' title='bbox 214 2258 347 2286; x_wconf 87' lang='lat' dir='ltr'>thermas</span> <span class='ocrx_word' id='word_1_506' title='bbox 362 2258 498 2292; x_wconf 86' lang='lat' dir='ltr'>intraret,</span> <span class='ocrx_word' id='word_1_507' title='bbox 521 2262 554 2286; x_wconf 82' lang='lat' dir='ltr'>ut</span> <span class='ocrx_word' id='word_1_508' title='bbox 569 2267 600 2286; x_wconf 87' lang='lat' dir='ltr'>se</span> <span class='ocrx_word' id='word_1_509' title='bbox 615 2257 782 2292; x_wconf 79' lang='lat' dir='ltr'>calfaceret,</span> <span class='ocrx_word' id='word_1_510' title='bbox 806 2255 880 2291; x_wconf 85' lang='lat' dir='ltr'>sed,¹</span> <span class='ocrx_word' id='word_1_511' title='bbox 905 2255 962 2284; x_wconf 75' lang='grc' dir='ltr'>διο.</span> <span class='ocrx_word' id='word_1_512' title='bbox 973 2256 1142 2295; x_wconf 76' lang='lat' dir='ltr'>—Frigus,</span> <span class='ocrx_word' id='word_1_513' title='bbox 1156 2257 1239 2285; x_wconf 73' lang='lat' dir='ltr'>sitem</span> <span class='ocrx_word' id='word_1_514' title='bbox 1261 2254 1351 2293; x_wconf 77' lang='lat' dir='ltr'>(Ovid</span> 
     </span>
     <span class='ocr_line' id='line_1_59' title="bbox 151 2295 1350 2339; baseline -0.002 -11"><span class='ocrx_word' id='word_1_515' title='bbox 151 2299 226 2329; x_wconf 82' lang='lat' dir='ltr'>Met.</span> <span class='ocrx_word' id='word_1_516' title='bbox 242 2301 272 2335; x_wconf 83' lang='lat'>5,</span> <span class='ocrx_word' id='word_1_517' title='bbox 295 2299 369 2338; x_wconf 73' lang='lat'>446)</span> <span class='ocrx_word' id='word_1_518' title='bbox 392 2300 526 2339; x_wconf 81' lang='lat' dir='ltr'>colligere</span> <span class='ocrx_word' id='word_1_519' title='bbox 542 2305 587 2328; x_wconf 88' lang='lat' dir='ltr'>est</span> <span class='ocrx_word' id='word_1_520' title='bbox 606 2309 652 2337; x_wconf 84' lang='lat' dir='ltr'>pr.</span> <span class='ocrx_word' id='word_1_521' title='bbox 675 2299 725 2327; x_wconf 87' lang='lat' dir='ltr'>‘in</span> <span class='ocrx_word' id='word_1_522' title='bbox 741 2298 882 2327; x_wconf 88' lang='lat' dir='ltr'>intimum</span> <span class='ocrx_word' id='word_1_523' title='bbox 897 2307 1005 2336; x_wconf 82' lang='lat' dir='ltr'>corpus</span> <span class='ocrx_word' id='word_1_524' title='bbox 1017 2297 1170 2336; x_wconf 67' lang='lat' dir='ltr'>recipere!</span> <span class='ocrx_word' id='word_1_525' title='bbox 1180 2313 1220 2319; x_wconf 93' lang='lat'>—</span> <span class='ocrx_word' id='word_1_526' title='bbox 1231 2295 1350 2336; x_wconf 54' lang='lat' dir='ltr'>[Idcirael</span> 
     </span>
     <span class='ocr_line' id='line_1_60' title="bbox 148 2339 1346 2382; baseline -0.003 -10"><span class='ocrx_word' id='word_1_527' title='bbox 148 2340 266 2382; x_wconf 81' lang='lat' dir='ltr'>navem]</span> <span class='ocrx_word' id='word_1_528' title='bbox 291 2344 299 2358; x_wconf 83' lang='lat'>⁸</span> <span class='ocrx_word' id='word_1_529' title='bbox 312 2342 376 2372; x_wconf 89' lang='lat' dir='ltr'>Nec</span> <span class='ocrx_word' id='word_1_530' title='bbox 399 2347 522 2380; x_wconf 87' lang='lat' dir='ltr'>propter</span> <span class='ocrx_word' id='word_1_531' title='bbox 541 2351 634 2371; x_wconf 83' lang='lat' dir='ltr'>unam</span> <span class='ocrx_word' id='word_1_532' title='bbox 657 2341 829 2380; x_wconf 82' lang='lat' dir='ltr'>porcellam,</span> <span class='ocrx_word' id='word_1_533' title='bbox 849 2341 918 2370; x_wconf 85' lang='lat' dir='ltr'>navi</span> <span class='ocrx_word' id='word_1_534' title='bbox 933 2339 1066 2376; x_wconf 56' lang='lat' dir='ltr'>vendita,</span> <span class='ocrx_word' id='word_1_535' title='bbox 1086 2345 1117 2370; x_wconf 91' lang='lat' dir='ltr'>et</span> <span class='ocrx_word' id='word_1_536' title='bbox 1138 2340 1261 2378; x_wconf 90' lang='lat' dir='ltr'>quidem</span> <span class='ocrx_word' id='word_1_537' title='bbox 1281 2343 1346 2370; x_wconf 71' lang='lat' dir='ltr'>tran</span> 
     </span>
    </p>
   </div>
  </div>
 </body>
</html>
