1390 2586
0 108 9 132 L.
25 101 92 135 m,
106 105 146 129 n.
161 93 208 138 7,]
458 87 835 122 mraaraETAno.
1196 81 1276 125 177

24 197 215 238 ubkitur
227 194 322 228 codd.
337 193 408 232 aliq.
425 189 627 229 Decembris.)
673 190 711 220 In
735 192 885 229 perpetuo
907 186 961 217 illo
982 185 1069 225 quasi
1092 184 1174 215 bello
1197 184 1280 214 inter

27 241 168 274 doninus
190 249 227 272 ae
249 247 361 274 servos,
390 236 435 272 hi,
465 241 499 265 ut
521 235 566 265 ait
590 233 712 264 Arrian.
738 232 838 271 Epict.
865 231 896 267 4,
923 231 952 267 l,
981 230 1033 265 58,
1064 228 1279 260 Saturnalibus

29 283 160 327 ἀνοχὰς
177 280 345 324 (inducias)
367 280 532 310 habebant.
580 276 702 307 Horatii
726 274 916 314 temporibus
938 273 1174 304 celebrabantur
1196 281 1224 301 a.
1249 271 1279 301 d.

30 335 100 362 xn-
121 327 188 359 nt.
208 326 279 358 Jnn.
298 322 358 364 (17
375 322 465 362 θεν.)
502 322 564 352 Cfr.
582 322 645 351 Sat.
670 321 699 356 2,
721 319 752 355 3,
772 320 801 348 5.
813 335 857 340 —
871 315 992 359 [urget]
1018 319 1026 333 ‘
1040 315 1159 346 naviter
1174 323 1278 354 perse-

30 370 155 412 quim:
191 369 260 401 Tib.
277 368 307 407 l,
320 368 351 403 9,
365 367 396 405 8,
413 371 503 397 terra:
517 366 650 395 rusticus
663 368 752 403 urget
766 372 847 402 opus.
859 378 901 384 —
912 358 1032 401 [natat]
1057 362 1065 376 ‘
1078 360 1200 396 titubat,
1217 357 1280 387 huc

31 421 124 454 atque
133 413 207 444 illuc
222 411 339 443 fertur:

73 457 109 495 θ,
119 457 168 491 10.
192 451 350 497 [Priscus]
367 453 460 483 homo
475 452 609 491 ignotus,
625 448 742 480 ordinis
754 454 857 479 tamen
869 446 1025 478 senatorii.
1049 446 1067 476 J
1071 456 1131 480 am,
1144 444 1196 484 qui
1209 443 1283 474 huic

32 501 238 536 occurrebant,
258 498 450 528 mirabantur
472 505 543 525 eum
566 494 658 524 modo
678 498 739 523 tres
754 493 886 523 annulos
900 496 1031 530 gestare,
1054 490 1146 520 modo
1161 488 1283 518 nullum

33 542 169 575 omniuo.
213 542 321 572 Trium
337 545 441 570 autem
461 537 581 569 Horatii
606 537 795 576 temporibus
809 537 875 575 jam
899 534 1013 564 nimius
1033 542 1181 563 numerus
1206 536 1283 567 erat,

22 603 25 610 =
54 586 88 620 ui
112 590 219 626 postes
242 585 364 623 semper
389 583 493 613 crevit.
509 598 552 604 —
567 578 759 621 [inaequalis]
794 579 857 610 err.
882 579 944 609 Sat.
970 577 997 613 l,
1024 577 1054 612 3,
1078 577 1098 607 9
1126 580 1157 606 et
1183 575 1286 606 18.—

34 597 181 670 ἶεὶωιιι]
211 629 330 659 ‘Modo
352 631 388 656 ut
409 631 533 656 senator
559 630 626 654 erat
651 623 778 653 indutus
804 622 910 652 tunica
938 621 1104 656 laticlavia,
1134 619 1227 649 modo
1250 622 1286 648 ut

34 682 129 714 eques
143 673 201 703 Ro.
215 682 285 702 curn
301 675 433 709 angusto
448 666 622 709 (purpurae)
639 667 726 696 clavo
739 665 902 705 prodibat!

78 715 211 747 13—18.
236 711 448 755 [Volanerius]
474 709 627 742 Nihil'de
653 710 711 739 hoc
738 709 864 739 homine
890 708 1016 738 tradunt
1043 706 1287 736 Scholiastae.—

36 757 141 802 [justa
161 755 326 798 cheragra]
350 755 539 795 ‘nequitiam
562 755 628 793 ejus
650 753 760 783 merito
779 752 912 792 puniens
923 752 940 787 ;’
965 752 1048 781 Pers.
1069 751 1099 787 5,
1122 750 1174 785 60,
1198 758 1288 789 quum

35 803 172 843 lapidosa
185 803 332 841 cheragra
347 801 487 839 Fregerit
501 799 652 828 articulo&
688 797 861 835 Utrobique
875 794 966 825 metri
982 795 1075 824 causa
1089 793 1289 823 scribendum

16 864 19 867 ·
35 851 83 877 est
96 847 254 886 cheragra,
271 854 332 873 non
347 844 550 883 chiragra.—-
564 838 744 881 [Contudit]
762 843 769 856 ‘
781 839 952 869 debilitavit
967 838 1055 867 nodis
1071 837 1102 867 in
1118 836 1289 874 digitorum

35 889 174 920 articulis
188 882 608 926 contractis.¹—[Miueret]
633 894 650 914 e
672 884 787 919 fritillo,
811 882 928 922 pyxide
951 881 1065 920 lignea,
1089 880 1120 909 in
1147 881 1210 918 qua
1233 878 1288 908 tali

37 942 134 963 manu
156 932 361 971 agitabantur,
387 929 499 959 deinde
523 938 561 958 ex
588 929 625 957 ea
648 927 680 957 in
704 927 846 967 phimum
871 925 1122 965 conjiciebantur,
1148 924 1226 953 adeo
1253 925 1289 951 ut

39 977 160 1006 duobus
173 975 220 1005 his
235 972 447 1004 instrumentis
460 971 560 1002 omnis
576 970 659 1000 fraus
674 976 839 1000 arceretur.
885 970 1010 999 Phimus
1024 973 1127 997 autem
1142 965 1292 996 turricula

39 1024 106 1050 erat
129 1017 277 1058 (Maniai.
306 1016 355 1052 14,
384 1015 436 1055 16)
464 1015 528 1045 sive
558 1024 683 1054 pyrgus,
714 1014 873 1052 cylindrus
899 1022 990 1042 cavus
1017 1011 1069 1049 qui
1095 1009 1291 1040 trochleatim

40 1062 158 1093 effictus
177 1066 253 1096 erat,
274 1066 432 1098 certosque
452 1059 586 1088 habebat
605 1058 688 1087 intus
707 1057 822 1095 gradus
842 1055 970 1092 excisos,
992 1064 1030 1084 ex
1052 1054 1164 1093 quibus
1179 1053 1292 1082 sunde-

20 1107 152 1136 ‘bantur
175 1104 229 1134 tali
250 1104 282 1133 in
307 1103 459 1133 alveolum
479 1102 543 1132 sive
566 1101 703 1131 tabulam
728 1101 884 1135 lusoriam,
907 1099 939 1128 in
964 1099 1050 1137 cujus
1077 1097 1182 1126 media
1204 1101 1293 1135 parte

22 1149 231 1180 minuebatur
253 1146 464 1176 turricula.—
478 1144 588 1186 [levius
610 1142 715 1184 miser]
741 1143 847 1174 Minus
872 1142 985 1172 usitate
1011 1141 1054 1170 sic
1081 1140 1173 1175 dixit,
1196 1149 1293 1178 quum

22 1201 26 1207 ·
40 1190 307 1231 frequentissimus
322 1190 362 1219 sit
375 1189 524 1229 positivus
541 1189 645 1218 leviter
658 1188 788 1223 saucius,
804 1186 907 1227 &m—
921 1184 974 1225 [ac
984 1186 1071 1224 prior
1086 1182 1154 1223 illu]
1179 1182 1188 1198 ‘
1199 1191 1294 1221 prope

22 1255 27 1268 z
41 1234 236 1275 prestantior
250 1239 282 1263 et
292 1232 410 1263 felicior
423 1231 549 1262 homine
563 1230 771 1261 inconstanti.’
783 1246 826 1252 -
836 1227 916 1270 [Qui
923 1228 993 1269 jam
1007 1225 1159 1266 contento]
1187 1226 1296 1264 Imago

22 1294 27 1302 ε
42 1275 200 1320 ἀμετρίας
215 1277 246 1307 ἰη
261 1282 425 1314 utramque
439 1281 569 1314 partem,
593 1274 756 1313 desumpta
778 1283 797 1303 a
820 1273 923 1302 nautis
944 1272 1036 1301 modo
1051 1271 1094 1300 ita
1114 1270 1204 1300 funes
1219 1279 1295 1299 con·

43 1321 252 1356 tendentibus,
277 1325 312 1349 ut
333 1318 504 1358 periculum
527 1317 576 1354 sit,
599 1327 638 1347 ne
660 1322 855 1356 rumpantur,
879 1316 972 1345 modo
994 1314 1086 1344 nimis
1108 1314 1296 1348 laxantibus,

43 1364 98 1396 itfl‘
110 1369 145 1394 ut
173 1364 242 1394 vela
263 1362 435 1393 concidant.
482 1361 608 1391 Lucian.
633 1360 713 1391 Dial.
743 1360 869 1389 Meretr.
889 1359 919 1394 3,
943 1364 1022 1388 extr.
1045 1355 1116 1398 ὅρα,
1141 1355 1188 1397 μὴ
1214 1354 1300 1387 κατὰ

45 1406 111 1446 τὴν
134 1404 327 1448 παροιμίαν,
349 1401 593 1447 ἀπορῤἠξωμεν
616 1401 710 1434 πάνυ
732 1402 900 1433 τείνουσαι
922 1400 959 1431 τὸ
982 1397 1158 1431 καλώδιον.

91 1450 224 1482 19-29.
249 1446 370 1490 [hodie]
394 1459 440 1487 pr.
467 1449 652 1486 ‘antequam
679 1447 729 1476 hic
754 1446 820 1476 dies
846 1445 1004 1480 transeat,'
1035 1445 1066 1474 id
1095 1450 1151 1479 est,
1184 1442 1299 1478 ‘illico,

45 1493 223 1526 statiml—
237 1489 412 1533 [Furcifer]
438 1491 577 1521 Donatus
592 1491 632 1520 ad
649 1491 720 1520 Ter.
735 1489 836 1520 Andr.
854 1489 882 1525 4,
899 1489 929 1525 5,
948 1488 997 1524 12,
1017 1488 1035 1503 “
1047 1485 1202 1526 Furciferi
1217 1486 1300 1516 dice-

46 1538 172 1571 bantur,
195 1537 249 1576 qui
270 1537 310 1565 ob
331 1536 399 1565 leve
422 1535 567 1564 delictum
590 1535 779 1572 cogebantur
801 1543 819 1562 a
843 1531 976 1562 dominis
998 1531 1178 1569 ignominiae
1202 1529 1302 1568 magis

48 1589 142 1621 quam
163 1579 306 1620 supplicii
326 1579 418 1609 causa.
437 1578 516 1608 circa
539 1577 654 1607 vicinos
674 1577 791 1606 furcam
808 1575 867 1616 (V)
885 1575 917 1604 in
940 1575 1017 1604 collo
1041 1574 1119 1604 serre
1143 1572 1304 1611 subligatis

47 1623 88 1657 ul
109 1633 179 1654 eam
200 1622 353 1657 manibus,
377 1628 410 1652 et
433 1621 600 1661 proedicare
624 1626 783 1660 peccatum
806 1629 908 1654 suum,
929 1618 1083 1657 simulque
1107 1626 1303 1647 summouere

49 1671 177 1703 eeteros,
193 1675 232 1696 ne
247 1666 323 1704 quid
337 1665 438 1695 simile
453 1664 700 1694 admittant.”—
714 1661 822 1703 [agat]
844 1664 852 1678 ‘
863 1662 969 1700 adigat
990 1662 1029 1691 ad
1052 1661 1182 1700 priscam
1207 1661 1305 1699 majo-

50 1719 120 1740 rum
137 1707 310 1740 bostrorum
326 1708 420 1738 vitam
435 1707 698 1746 sequendam.’—
711 1703 880 1746 [defendis]
899 1715 960 1735 non
977 1712 1038 1734 tam
1055 1705 1201 1734 adversus
1217 1705 1304 1737 alios,

52 1762 145 1792 quam
163 1753 172 1768 ‘
184 1762 240 1791 pro
254 1752 334 1782 virili
350 1752 403 1781 tut‘i
418 1757 504 1790 parte
518 1751 550 1780 in
567 1757 662 1780 temet
683 1751 750 1789 ipso
774 1759 877 1779 servas
898 1755 929 1779 et
949 1748 1117 1778 tueris.‘—
1130 1745 1175 1787 [et
1190 1745 1302 1786 haeres]

50 1797 72 1827 l.
89 1797 99 1813 ⁴
113 1795 273 1826 intricatus
287 1804 428 1824 remanes
442 1794 474 1824 in
490 1794 591 1833 priore
606 1793 777 1833 pravitate.’
788 1809 831 1815 ——
843 1789 1027 1832 [absentem]
1045 1793 1053 1807 ‘
1063 1801 1081 1820 a
1097 1797 1126 1820 te
1143 1790 1303 1820 relictam.’

51 1855 96 1862 -
106 1836 256 1879 [securum
270 1837 351 1876 olus]
367 1839 375 1854 ‘
386 1838 539 1867 coenulam
555 1839 593 1867 ab
608 1837 693 1867 omni
708 1836 914 1866 sollicitudine
931 1834 1080 1865 liberam)
1091 1851 1133 1856 —
1145 1831 1304 1874 [usquam]

53 1891 125 1914 cum
142 1881 246 1911 verbis
260 1883 362 1911 motus
377 1886 434 1917 est,
449 1891 508 1920 any
523 1881 620 1911 where
643 1879 654 1912 s
662 1889 697 1907 =
713 1882 721 1896 ‘
735 1890 795 1919 any
812 1876 967 1919 wlzither')
981 1890 992 1912 ,·
1016 1888 1119 1918 usque,
1140 1879 1147 1893 ‘
1159 1876 1304 1916 semper,'

54 1924 106 1956 hic
127 1925 229 1955 locum
251 1934 312 1954 non
336 1921 665 1963 haben—[Vinctus]
692 1925 699 1939 ‘
713 1924 801 1962 quasi
817 1923 946 1952 vinculis
966 1928 1111 1951 oneratus
1135 1927 1165 1950 et
1185 1920 1218 1949 in
1239 1930 1308 1950 car-

55 1977 157 2009 cerem
183 1972 353 2007 pertractus
375 1967 415 1996 ad
438 1977 540 1996 coenas
558 1976 619 2003 eas,
646 1976 743 2005 quum
769 1972 874 1996 contra
899 1963 1102 1995 libentissime
1128 1973 1236 1993 omnes
1257 1963 1306 1992 in-

56 2011 221 2046 uitationes
246 2008 629 2050 accipias.'—[amasque]
653 2016 688 2039 ut
710 2011 772 2040 Sat.
791 2010 818 2045 l,
833 2010 863 2045 2,
878 2008 930 2044 54,
946 2010 1069 2038 ‘tecum
1091 2013 1253 2037 contentus
1275 2014 1308 2036 es

56 2052 152 2096 idque
166 2053 335 2094 praedicas!
375 2053 438 2083 Cic.
453 2054 492 2083 ad
509 2054 572 2083 Att.
589 2053 618 2089 4,
637 2052 685 2088 16,
701 2055 733 2083 in
747 2064 780 2083 eo
794 2063 838 2083 me
852 2053 939 2082 valde
954 2062 1026 2081 amo.

59 2122 63 2133 .
101 2097 238 2129 til—33.
264 2095 334 2137 [sub
363 2097 476 2126 lumina
499 2097 597 2135 prima
649 2097 741 2126 ‘Post
767 2105 924 2134 vesperam
950 2094 1051 2134 prima
1075 2093 1146 2122 fax!
1192 2091 1306 2132 (Macr.

59 2122 127 2182 ἐκ.
150 2141 178 2177 ἱ,
202 2140 248 2180 3.)
274 2140 375 2170 Graeci
399 2137 473 2180 περὶ
496 2138 612 2179 λυχνω
658 2136 967 2180 ἁφάς.-[Νεηιοπ’
991 2138 1083 2167 oleum
1101 2134 1186 2175 seret
1208 2137 1305 2174 ocius]

60 2176 183 2229 Qum
198 2184 342 2219 lucernae,
365 2184 428 2222 qua
451 2182 495 2212 uti
511 2184 576 2212 vult
591 2187 740 2212 nocturno
755 2188 892 2221 tempore
907 2182 946 2211 ad
961 2181 1094 2210 amicum
1110 2189 1276 2218 properans
1290 2179 1309 2215 ;’

150 2226 161 2243 ‘
171 2237 232 2266 quo
248 2233 358 2256 unctus
378 2231 408 2256 et
423 2226 503 2255 lotus
518 2227 607 2255 abeat
621 2226 796 2255 coenatum)
830 2224 955 2265 (Comm.
973 2223 1078 2263 Cruq.)
1090 2239 1132 2244 --
1142 2221 1308 2263 [blateras]

160 2275 190 2300 te
205 2276 235 2300 et
250 2269 418 2310 percupide
434 2269 550 2307 loqui.”
588 2269 708 2299 Festus.
746 2269 786 2298 H.
802 2269 823 2298 1.
838 2271 846 2284 ⁴
861 2278 930 2298 cum
945 2266 1148 2306 trepidatione
1163 2273 1194 2296 et
1209 2267 1311 2296 surore

64 2309 159 2358 m
171 2313 296 2345 effutis!
309 2330 350 2336 —
364 2310 540 2353 [jugisque]
567 2312 672 2350 Longe
687 2311 826 2342 festivius
840 2311 899 2342 hoc
913 2320 1006 2350 quam
1022 2310 1150 2340 aliorum
1156 2307 1309 2350 furisque,
