<?xml version="1.0" encoding="UTF-8"?>
<!DOCTYPE html PUBLIC "-//W3C//DTD XHTML 1.0 Transitional//EN"
    "http://www.w3.org/TR/xhtml1/DTD/xhtml1-transitional.dtd">
<html xmlns="http://www.w3.org/1999/xhtml" xml:lang="en" lang="en">
 <head>
  <title>
</title>
<meta http-equiv="Content-Type" content="text/html;charset=utf-8" />
  <meta name='ocr-system' content='tesseract 3.04.00' />
  <meta name='ocr-capabilities' content='ocr_page ocr_carea ocr_par ocr_line ocrx_word'/>
</head>
<body>
  <div class='ocr_page' id='page_1' title='image "./eclogaehoratiana02horauoft_0182.png"; bbox 0 0 1390 2586; ppageno 0'>
   <div class='ocr_carea' id='block_1_1' title="bbox 1356 0 1390 43">
    <p class='ocr_par' dir='ltr' id='par_1_1' title="bbox 1356 0 1390 43">
     <span class='ocr_line' id='line_1_1' title="bbox 1356 0 1390 43; baseline 0 0"><span class='ocrx_word' id='word_1_1' title='bbox 1356 0 1390 43; x_wconf 72' lang='grc' dir='ltr'><strong>Ἰ</strong></span> 
     </span>
    </p>
   </div>
   <div class='ocr_carea' id='block_1_2' title="bbox 1379 58 1390 101">
    <p class='ocr_par' dir='ltr' id='par_1_2' title="bbox 1379 58 1390 101">
     <span class='ocr_line' id='line_1_2' title="bbox 1379 58 1390 101; baseline 0 0"><span class='ocrx_word' id='word_1_2' title='bbox 1379 58 1390 101; x_wconf 64' lang='lat' dir='ltr'><strong>i</strong></span> 
     </span>
    </p>
   </div>
   <div class='ocr_carea' id='block_1_3' title="bbox 158 98 1390 166">
    <p class='ocr_par' dir='ltr' id='par_1_3' title="bbox 158 98 1390 166">
     <span class='ocr_line' id='line_1_3' title="bbox 158 98 1390 166; baseline 0.004 -20"><span class='ocrx_word' id='word_1_3' title='bbox 158 112 238 155; x_wconf 80' lang='grc'><strong>174.</strong></span> <span class='ocrx_word' id='word_1_4' title='bbox 584 116 951 148; x_wconf 68' lang='grc' dir='ltr'><strong>ιΝΤΕΒΡΒΕΤΑΤῙο.</strong></span> <span class='ocrx_word' id='word_1_5' title='bbox 1289 98 1390 166; x_wconf 51' lang='lat' dir='ltr'><strong>[sl-23]</strong></span> 
     </span>
    </p>
   </div>
   <div class='ocr_carea' id='block_1_4' title="bbox 145 213 1390 2325">
    <p class='ocr_par' dir='ltr' id='par_1_4' title="bbox 155 213 1390 293">
     <span class='ocr_line' id='line_1_4' title="bbox 156 213 1390 257; baseline 0.005 -15"><span class='ocrx_word' id='word_1_6' title='bbox 156 213 290 243; x_wconf 87' lang='lat' dir='ltr'><strong>nandum</strong></span> <span class='ocrx_word' id='word_1_7' title='bbox 308 215 393 244; x_wconf 80' lang='lat' dir='ltr'><strong>erat?</strong></span> <span class='ocrx_word' id='word_1_8' title='bbox 418 214 465 244; x_wconf 87' lang='lat' dir='ltr'><strong>Ea</strong></span> <span class='ocrx_word' id='word_1_9' title='bbox 481 220 560 244; x_wconf 76' lang='lat' dir='ltr'><strong>certe</strong></span> <span class='ocrx_word' id='word_1_10' title='bbox 575 224 592 243; x_wconf 85' lang='lat' dir='ltr'><strong>a</strong></span> <span class='ocrx_word' id='word_1_11' title='bbox 606 214 752 254; x_wconf 79' lang='lat' dir='ltr'><strong>principe,</strong></span> <span class='ocrx_word' id='word_1_12' title='bbox 767 220 840 245; x_wconf 87' lang='lat' dir='ltr'><strong>tunc</strong></span> <span class='ocrx_word' id='word_1_13' title='bbox 853 217 891 245; x_wconf 88' lang='lat' dir='ltr'><strong>ab</strong></span> <span class='ocrx_word' id='word_1_14' title='bbox 902 217 967 255; x_wconf 74' lang='lat' dir='ltr'><strong>eju·</strong></span> <span class='ocrx_word' id='word_1_15' title='bbox 981 220 1125 255; x_wconf 80' lang='lat' dir='ltr'><strong>tanquam</strong></span> <span class='ocrx_word' id='word_1_16' title='bbox 1141 216 1266 256; x_wconf 75' lang='lat' dir='ltr'><strong>vicario,</strong></span> <span class='ocrx_word' id='word_1_17' title='bbox 1276 218 1390 257; x_wconf 47' lang='lat' dir='ltr'><strong>signas:</strong></span> 
     </span>
     <span class='ocr_line' id='line_1_5' title="bbox 155 255 1377 293; baseline 0.003 -10"><span class='ocrx_word' id='word_1_18' title='bbox 155 255 274 286; x_wconf 86' lang='lat' dir='ltr'><strong>bantur.</strong></span> <span class='ocrx_word' id='word_1_19' title='bbox 299 257 360 286; x_wconf 85' lang='lat' dir='ltr'><strong>Cfr.</strong></span> <span class='ocrx_word' id='word_1_20' title='bbox 378 259 460 287; x_wconf 87' lang='lat' dir='ltr'><strong>Suet.</strong></span> <span class='ocrx_word' id='word_1_21' title='bbox 477 258 544 287; x_wconf 88' lang='lat' dir='ltr'><strong>Oct.</strong></span> <span class='ocrx_word' id='word_1_22' title='bbox 559 258 608 286; x_wconf 84' lang='lat'><strong>50.</strong></span> <span class='ocrx_word' id='word_1_23' title='bbox 1372 288 1377 293; x_wconf 21' lang='grc' dir='ltr'>ι</span> 
     </span>
    </p>

    <p class='ocr_par' dir='ltr' id='par_1_5' title="bbox 155 297 1390 589">
     <span class='ocr_line' id='line_1_6' title="bbox 199 297 1381 338; baseline 0.003 -10"><span class='ocrx_word' id='word_1_24' title='bbox 199 297 334 328; x_wconf 81' lang='grc'><strong>40-43.</strong></span> <span class='ocrx_word' id='word_1_25' title='bbox 359 297 540 338; x_wconf 74' lang='lat' dir='ltr'><strong>[Septimus]</strong></span> <span class='ocrx_word' id='word_1_26' title='bbox 558 300 660 331; x_wconf 83' lang='lat' dir='ltr'><strong>Quum</strong></span> <span class='ocrx_word' id='word_1_27' title='bbox 678 299 822 329; x_wconf 81' lang='lat' dir='ltr'><strong>Horatius</strong></span> <span class='ocrx_word' id='word_1_28' title='bbox 834 308 938 330; x_wconf 73' lang='lat' dir='ltr'><strong>A.u.c.</strong></span> <span class='ocrx_word' id='word_1_29' title='bbox 955 299 1016 336; x_wconf 82' lang='lat'><strong>716</strong></span> <span class='ocrx_word' id='word_1_30' title='bbox 1030 300 1062 330; x_wconf 91' lang='lat' dir='ltr'><strong>in</strong></span> <span class='ocrx_word' id='word_1_31' title='bbox 1079 301 1254 331; x_wconf 72' lang='lat' dir='ltr'><strong>Maecenatis</strong></span> <span class='ocrx_word' id='word_1_32' title='bbox 1267 302 1381 333; x_wconf 51' lang='lat' dir='ltr'><strong>famili?</strong></span> 
     </span>
     <span class='ocr_line' id='line_1_7' title="bbox 157 339 1382 382; baseline 0.005 -13"><span class='ocrx_word' id='word_1_33' title='bbox 157 339 297 369; x_wconf 86' lang='lat' dir='ltr'><strong>aritatem</strong></span> <span class='ocrx_word' id='word_1_34' title='bbox 320 348 458 379; x_wconf 80' lang='lat' dir='ltr'><strong>receptus</strong></span> <span class='ocrx_word' id='word_1_35' title='bbox 479 342 527 377; x_wconf 88' lang='lat' dir='ltr'><strong>sit,</strong></span> <span class='ocrx_word' id='word_1_36' title='bbox 551 351 589 371; x_wconf 89' lang='lat' dir='ltr'><strong>ex</strong></span> <span class='ocrx_word' id='word_1_37' title='bbox 609 342 666 371; x_wconf 88' lang='lat' dir='ltr'><strong>hoc</strong></span> <span class='ocrx_word' id='word_1_38' title='bbox 686 342 750 371; x_wconf 90' lang='lat' dir='ltr'><strong>loco</strong></span> <span class='ocrx_word' id='word_1_39' title='bbox 772 348 897 380; x_wconf 86' lang='lat' dir='ltr'><strong>apparet</strong></span> <span class='ocrx_word' id='word_1_40' title='bbox 914 343 992 373; x_wconf 85' lang='lat' dir='ltr'><strong>hanc</strong></span> <span class='ocrx_word' id='word_1_41' title='bbox 1007 343 1136 374; x_wconf 86' lang='lat' dir='ltr'><strong>Satiram</strong></span> <span class='ocrx_word' id='word_1_42' title='bbox 1159 343 1301 382; x_wconf 80' lang='lat' dir='ltr'><strong>scriptam</strong></span> <span class='ocrx_word' id='word_1_43' title='bbox 1313 354 1382 377; x_wconf 65' lang='lat' dir='ltr'><strong>esu</strong></span> 
     </span>
     <span class='ocr_line' id='line_1_8' title="bbox 158 383 1387 427; baseline 0.004 -16"><span class='ocrx_word' id='word_1_44' title='bbox 158 390 288 412; x_wconf 83' lang='lat' dir='ltr'><strong>exeunte</strong></span> <span class='ocrx_word' id='word_1_45' title='bbox 305 391 335 412; x_wconf 84' lang='grc' dir='ltr'><strong>Α.</strong></span> <span class='ocrx_word' id='word_1_46' title='bbox 349 383 421 418; x_wconf 88' lang='grc'><strong>723.</strong></span> <span class='ocrx_word' id='word_1_47' title='bbox 466 385 500 414; x_wconf 83' lang='lat' dir='ltr'><strong>In</strong></span> <span class='ocrx_word' id='word_1_48' title='bbox 521 394 604 422; x_wconf 86' lang='lat' dir='ltr'>seqq.</span> <span class='ocrx_word' id='word_1_49' title='bbox 625 385 760 414; x_wconf 85' lang='lat' dir='ltr'><strong>consulto</strong></span> <span class='ocrx_word' id='word_1_50' title='bbox 780 390 926 414; x_wconf 81' lang='lat' dir='ltr'><strong>extenuat</strong></span> <span class='ocrx_word' id='word_1_51' title='bbox 945 394 1029 415; x_wconf 81' lang='lat' dir='ltr'><strong>suam</strong></span> <span class='ocrx_word' id='word_1_52' title='bbox 1050 395 1119 416; x_wconf 88' lang='lat' dir='ltr'><strong>cum</strong></span> <span class='ocrx_word' id='word_1_53' title='bbox 1141 391 1263 424; x_wconf 86' lang='lat' dir='ltr'><strong>potente</strong></span> <span class='ocrx_word' id='word_1_54' title='bbox 1282 387 1387 427; x_wconf 51' lang='lat' dir='ltr'><strong>amictu</strong></span> 
     </span>
     <span class='ocr_line' id='line_1_9' title="bbox 157 425 1390 467; baseline 0.005 -15"><span class='ocrx_word' id='word_1_55' title='bbox 157 425 421 461; x_wconf 85' lang='lat' dir='ltr'><strong>necessitudinem,</strong></span> <span class='ocrx_word' id='word_1_56' title='bbox 438 426 611 464; x_wconf 83' lang='lat' dir='ltr'><strong>significans</strong></span> <span class='ocrx_word' id='word_1_57' title='bbox 625 436 657 456; x_wconf 84' lang='lat' dir='ltr'><strong>se</strong></span> <span class='ocrx_word' id='word_1_58' title='bbox 673 428 709 455; x_wconf 91' lang='lat' dir='ltr'><strong>ab</strong></span> <span class='ocrx_word' id='word_1_59' title='bbox 724 426 888 456; x_wconf 80' lang='lat' dir='ltr'><strong>ambitione</strong></span> <span class='ocrx_word' id='word_1_60' title='bbox 912 427 999 464; x_wconf 85' lang='lat' dir='ltr'><strong>longe</strong></span> <span class='ocrx_word' id='word_1_61' title='bbox 1021 434 1170 458; x_wconf 86' lang='lat' dir='ltr'><strong>remotum</strong></span> <span class='ocrx_word' id='word_1_62' title='bbox 1189 437 1266 466; x_wconf 87' lang='lat' dir='ltr'><strong>esse,</strong></span> <span class='ocrx_word' id='word_1_63' title='bbox 1279 427 1390 467; x_wconf 45' lang='lat' dir='ltr'><strong>nequ&amp;</strong></span> 
     </span>
     <span class='ocr_line' id='line_1_10' title="bbox 156 468 1390 508; baseline 0.003 -12"><span class='ocrx_word' id='word_1_64' title='bbox 156 475 290 504; x_wconf 90' lang='lat' dir='ltr'><strong>unquam</strong></span> <span class='ocrx_word' id='word_1_65' title='bbox 308 469 436 506; x_wconf 83' lang='lat' dir='ltr'><strong>negotiis</strong></span> <span class='ocrx_word' id='word_1_66' title='bbox 450 469 587 498; x_wconf 85' lang='lat' dir='ltr'><strong>civilibus</strong></span> <span class='ocrx_word' id='word_1_67' title='bbox 606 468 645 498; x_wconf 90' lang='lat' dir='ltr'><strong>ab</strong></span> <span class='ocrx_word' id='word_1_68' title='bbox 666 468 717 498; x_wconf 90' lang='lat' dir='ltr'><strong>illo</strong></span> <span class='ocrx_word' id='word_1_69' title='bbox 739 469 985 500; x_wconf 79' lang='lat' dir='ltr'><strong>administrandis</strong></span> <span class='ocrx_word' id='word_1_70' title='bbox 1005 479 1070 500; x_wconf 83' lang='lat' dir='ltr'><strong>sese</strong></span> <span class='ocrx_word' id='word_1_71' title='bbox 1089 470 1226 508; x_wconf 80' lang='lat' dir='ltr'><strong>ingerere</strong></span> <span class='ocrx_word' id='word_1_72' title='bbox 1247 468 1390 504; x_wconf 64' lang='lat' dir='ltr'><strong>solitum?</strong></span> 
     </span>
     <span class='ocr_line' id='line_1_11' title="bbox 155 507 1390 554; baseline 0.003 -15"><span class='ocrx_word' id='word_1_73' title='bbox 155 523 199 530; x_wconf 95' lang='lat'><em>-</em></span> <span class='ocrx_word' id='word_1_74' title='bbox 210 507 398 549; x_wconf 67' lang='lat' dir='ltr'><strong>[dumtaxat]</strong></span> <span class='ocrx_word' id='word_1_75' title='bbox 413 513 420 527; x_wconf 80' lang='lat'>⁸</span> <span class='ocrx_word' id='word_1_76' title='bbox 429 508 525 550; x_wconf 76' lang='grc' dir='ltr'>μέχρι</span> <span class='ocrx_word' id='word_1_77' title='bbox 540 508 667 546; x_wconf 81' lang='grc' dir='ltr'><strong>τούτου,</strong></span> <span class='ocrx_word' id='word_1_78' title='bbox 679 521 739 540; x_wconf 94' lang='lat' dir='ltr'><strong>non</strong></span> <span class='ocrx_word' id='word_1_79' title='bbox 750 511 878 550; x_wconf 88' lang='lat' dir='ltr'><strong>amplius</strong></span> <span class='ocrx_word' id='word_1_80' title='bbox 891 521 946 542; x_wconf 85' lang='lat' dir='ltr'><strong>nec</strong></span> <span class='ocrx_word' id='word_1_81' title='bbox 956 511 1076 542; x_wconf 85' lang='lat' dir='ltr'><strong>minus.&#39;</strong></span> <span class='ocrx_word' id='word_1_82' title='bbox 1086 529 1129 535; x_wconf 97' lang='lat'>—</span> <span class='ocrx_word' id='word_1_83' title='bbox 1139 510 1256 552; x_wconf 76' lang='lat' dir='ltr'><strong>[tollere</strong></span> <span class='ocrx_word' id='word_1_84' title='bbox 1267 509 1390 554; x_wconf 70' lang='lat' dir='ltr'><strong>rheda}-</strong></span> 
     </span>
     <span class='ocr_line' id='line_1_12' title="bbox 155 551 1376 589; baseline 0.002 -10"><span class='ocrx_word' id='word_1_85' title='bbox 155 551 308 589; x_wconf 88' lang='lat' dir='ltr'><strong>‘recipere</strong></span> <span class='ocrx_word' id='word_1_86' title='bbox 322 553 461 582; x_wconf 88' lang='lat' dir='ltr'><strong>comitem</strong></span> <span class='ocrx_word' id='word_1_87' title='bbox 478 555 508 582; x_wconf 90' lang='lat' dir='ltr'><strong>in</strong></span> <span class='ocrx_word' id='word_1_88' title='bbox 524 554 669 582; x_wconf 68' lang='lat' dir='ltr'><strong>rhedam!</strong></span> <span class='ocrx_word' id='word_1_89' title='bbox 1372 578 1376 582; x_wconf 88' lang='lat'>.</span> 
     </span>
    </p>

    <p class='ocr_par' dir='ltr' id='par_1_6' title="bbox 155 594 1390 973">
     <span class='ocr_line' id='line_1_13' title="bbox 200 594 1390 635; baseline 0.003 -11"><span class='ocrx_word' id='word_1_90' title='bbox 200 594 334 624; x_wconf 79' lang='lat'>44—46.</span> <span class='ocrx_word' id='word_1_91' title='bbox 353 594 508 634; x_wconf 78' lang='lat' dir='ltr'><strong>[Gallina]</strong></span> <span class='ocrx_word' id='word_1_92' title='bbox 525 605 634 624; x_wconf 90' lang='lat' dir='ltr'><strong>nomen</strong></span> <span class='ocrx_word' id='word_1_93' title='bbox 650 595 824 633; x_wconf 87' lang='lat' dir='ltr'><strong>gladiatoris</strong></span> <span class='ocrx_word' id='word_1_94' title='bbox 838 605 892 634; x_wconf 87' lang='lat' dir='ltr'><strong>per</strong></span> <span class='ocrx_word' id='word_1_95' title='bbox 906 605 938 625; x_wconf 83' lang='lat' dir='ltr'><strong>se</strong></span> <span class='ocrx_word' id='word_1_96' title='bbox 952 595 1122 632; x_wconf 83' lang='lat' dir='ltr'><strong>ridiculum,</strong></span> <span class='ocrx_word' id='word_1_97' title='bbox 1137 596 1189 635; x_wconf 91' lang='lat' dir='ltr'><strong>qui</strong></span> <span class='ocrx_word' id='word_1_98' title='bbox 1203 597 1300 627; x_wconf 61' lang='lat' dir='ltr'><strong>Threx</strong></span> <span class='ocrx_word' id='word_1_99' title='bbox 1314 601 1390 628; x_wconf 63' lang='lat' dir='ltr'><strong>erat:</strong></span> 
     </span>
     <span class='ocr_line' id='line_1_14' title="bbox 159 633 1390 679; baseline 0.005 -15"><span class='ocrx_word' id='word_1_100' title='bbox 159 633 218 674; x_wconf 84' lang='lat' dir='ltr'><strong>(sic</strong></span> <span class='ocrx_word' id='word_1_101' title='bbox 231 637 312 665; x_wconf 89' lang='lat' dir='ltr'><strong>enim</strong></span> <span class='ocrx_word' id='word_1_102' title='bbox 329 638 576 676; x_wconf 80' lang='lat' dir='ltr'><strong>pronuntiabant,</strong></span> <span class='ocrx_word' id='word_1_103' title='bbox 597 637 648 667; x_wconf 86' lang='lat' dir='ltr'><strong>ubi</strong></span> <span class='ocrx_word' id='word_1_104' title='bbox 671 647 729 672; x_wconf 81' lang='lat' dir='ltr'><strong>ars,</strong></span> <span class='ocrx_word' id='word_1_105' title='bbox 748 647 807 667; x_wconf 91' lang='lat' dir='ltr'><strong>non</strong></span> <span class='ocrx_word' id='word_1_106' title='bbox 831 638 913 667; x_wconf 86' lang='lat' dir='ltr'><strong>natio</strong></span> <span class='ocrx_word' id='word_1_107' title='bbox 927 638 1156 675; x_wconf 70' lang='lat' dir='ltr'><strong>significaretur,</strong></span> <span class='ocrx_word' id='word_1_108' title='bbox 1174 649 1234 668; x_wconf 90' lang='lat' dir='ltr'><strong>non</strong></span> <span class='ocrx_word' id='word_1_109' title='bbox 1250 637 1390 679; x_wconf 42' lang='lat' dir='ltr'><strong>Thrax»,</strong></span> 
     </span>
     <span class='ocr_line' id='line_1_15' title="bbox 157 677 1385 721; baseline 0.003 -15"><span class='ocrx_word' id='word_1_110' title='bbox 157 677 190 706; x_wconf 91' lang='lat' dir='ltr'><strong>id</strong></span> <span class='ocrx_word' id='word_1_111' title='bbox 212 684 269 716; x_wconf 90' lang='lat' dir='ltr'><strong>est,</strong></span> <span class='ocrx_word' id='word_1_112' title='bbox 291 681 397 717; x_wconf 66' lang='lat' dir='ltr'><strong>parma</strong></span> <span class='ocrx_word' id='word_1_113' title='bbox 421 680 600 710; x_wconf 70' lang='lat' dir='ltr'><strong>Threcidica</strong></span> <span class='ocrx_word' id='word_1_114' title='bbox 622 686 652 710; x_wconf 89' lang='lat' dir='ltr'><strong>et</strong></span> <span class='ocrx_word' id='word_1_115' title='bbox 672 680 772 718; x_wconf 83' lang='lat' dir='ltr'><strong>gladio</strong></span> <span class='ocrx_word' id='word_1_116' title='bbox 795 681 919 710; x_wconf 88' lang='lat' dir='ltr'><strong>incurvo</strong></span> <span class='ocrx_word' id='word_1_117' title='bbox 941 677 1060 721; x_wconf 73' lang='grc' dir='ltr'>(ἅρπῃ)</span> <span class='ocrx_word' id='word_1_118' title='bbox 1083 686 1215 711; x_wconf 85' lang='lat' dir='ltr'><strong>armatus</strong></span> <span class='ocrx_word' id='word_1_119' title='bbox 1239 679 1385 719; x_wconf 45' lang='lat' dir='ltr'><strong>componi*</strong></span> 
     </span>
     <span class='ocr_line' id='line_1_16' title="bbox 156 720 1390 761; baseline 0.003 -11"><span class='ocrx_word' id='word_1_120' title='bbox 156 720 271 750; x_wconf 86' lang='lat' dir='ltr'><strong>solebat</strong></span> <span class='ocrx_word' id='word_1_121' title='bbox 282 721 312 750; x_wconf 92' lang='lat' dir='ltr'><strong>in</strong></span> <span class='ocrx_word' id='word_1_122' title='bbox 327 724 420 751; x_wconf 72' lang='lat' dir='ltr'><strong>arena</strong></span> <span class='ocrx_word' id='word_1_123' title='bbox 436 732 503 752; x_wconf 90' lang='lat' dir='ltr'><strong>cum</strong></span> <span class='ocrx_word' id='word_1_124' title='bbox 516 723 591 761; x_wconf 80' lang='lat' dir='ltr'><strong>Syro</strong></span> <span class='ocrx_word' id='word_1_125' title='bbox 605 722 797 758; x_wconf 89' lang='lat' dir='ltr'><strong>mirmillone,</strong></span> <span class='ocrx_word' id='word_1_126' title='bbox 812 722 843 751; x_wconf 89' lang='lat' dir='ltr'><strong>id</strong></span> <span class='ocrx_word' id='word_1_127' title='bbox 855 728 909 758; x_wconf 86' lang='lat' dir='ltr'><strong>est,</strong></span> <span class='ocrx_word' id='word_1_128' title='bbox 921 723 1088 760; x_wconf 76' lang='lat' dir='ltr'><strong>gladiatore</strong></span> <span class='ocrx_word' id='word_1_129' title='bbox 1099 724 1253 753; x_wconf 68' lang='lat' dir='ltr'><strong>armatura</strong></span> <span class='ocrx_word' id='word_1_130' title='bbox 1263 723 1390 756; x_wconf 57' lang='lat' dir='ltr'><strong>Gallica„-</strong></span> 
     </span>
     <span class='ocr_line' id='line_1_17' title="bbox 156 761 1390 805; baseline 0.003 -14"><span class='ocrx_word' id='word_1_131' title='bbox 156 761 266 792; x_wconf 88' lang='lat' dir='ltr'><strong>induto</strong></span> <span class='ocrx_word' id='word_1_132' title='bbox 281 769 311 792; x_wconf 89' lang='lat' dir='ltr'><strong>et</strong></span> <span class='ocrx_word' id='word_1_133' title='bbox 325 764 414 802; x_wconf 86' lang='lat' dir='ltr'><strong>piscis</strong></span> <span class='ocrx_word' id='word_1_134' title='bbox 429 763 610 805; x_wconf 85' lang='grc' dir='ltr'>(μορμύλου</span> <span class='ocrx_word' id='word_1_135' title='bbox 624 775 647 794; x_wconf 83' lang='lat' dir='ltr'><strong>s.</strong></span> <span class='ocrx_word' id='word_1_136' title='bbox 662 762 840 805; x_wconf 83' lang='grc' dir='ltr'>μορμύρου)</span> <span class='ocrx_word' id='word_1_137' title='bbox 855 765 1019 801; x_wconf 85' lang='lat' dir='ltr'><strong>imaginem</strong></span> <span class='ocrx_word' id='word_1_138' title='bbox 1042 765 1072 794; x_wconf 91' lang='lat' dir='ltr'><strong>in</strong></span> <span class='ocrx_word' id='word_1_139' title='bbox 1089 766 1176 803; x_wconf 70' lang='lat' dir='ltr'><strong>galea</strong></span> <span class='ocrx_word' id='word_1_140' title='bbox 1195 765 1390 802; x_wconf 54' lang='lat' dir='ltr'><strong>habente-52«</strong></span> 
     </span>
     <span class='ocr_line' id='line_1_18' title="bbox 159 802 1376 846; baseline 0.003 -12"><span class='ocrx_word' id='word_1_141' title='bbox 159 802 285 843; x_wconf 84' lang='lat' dir='ltr'><strong>[parum</strong></span> <span class='ocrx_word' id='word_1_142' title='bbox 304 805 420 846; x_wconf 79' lang='lat' dir='ltr'><strong>cautos]</strong></span> <span class='ocrx_word' id='word_1_143' title='bbox 437 809 444 823; x_wconf 93' lang='lat'>‘</span> <span class='ocrx_word' id='word_1_144' title='bbox 456 807 582 846; x_wconf 85' lang='lat' dir='ltr'><strong>paenulis</strong></span> <span class='ocrx_word' id='word_1_145' title='bbox 605 812 636 837; x_wconf 89' lang='lat' dir='ltr'><strong>et</strong></span> <span class='ocrx_word' id='word_1_146' title='bbox 655 807 783 837; x_wconf 82' lang='lat' dir='ltr'><strong>lacernis</strong></span> <span class='ocrx_word' id='word_1_147' title='bbox 803 817 862 836; x_wconf 92' lang='lat' dir='ltr'><strong>non</strong></span> <span class='ocrx_word' id='word_1_148' title='bbox 884 807 955 837; x_wconf 88' lang='lat' dir='ltr'><strong>satis</strong></span> <span class='ocrx_word' id='word_1_149' title='bbox 971 807 1102 837; x_wconf 80' lang='lat' dir='ltr'><strong>munitos</strong></span> <span class='ocrx_word' id='word_1_150' title='bbox 1118 808 1232 838; x_wconf 82' lang='lat' dir='ltr'><strong>laedunt</strong></span> <span class='ocrx_word' id='word_1_151' title='bbox 1247 807 1376 845; x_wconf 67' lang='lat' dir='ltr'><strong>frigora!</strong></span> 
     </span>
     <span class='ocr_line' id='line_1_19' title="bbox 157 845 1385 888; baseline 0.002 -11"><span class='ocrx_word' id='word_1_152' title='bbox 157 862 200 869; x_wconf 95' lang='lat'>—</span> <span class='ocrx_word' id='word_1_153' title='bbox 217 845 354 888; x_wconf 78' lang='lat' dir='ltr'><strong>[rimosa]</strong></span> <span class='ocrx_word' id='word_1_154' title='bbox 371 851 378 864; x_wconf 94' lang='lat'>‘</span> <span class='ocrx_word' id='word_1_155' title='bbox 388 859 455 888; x_wconf 91' lang='lat' dir='ltr'><strong>quae</strong></span> <span class='ocrx_word' id='word_1_156' title='bbox 468 850 544 878; x_wconf 85' lang='lat' dir='ltr'><strong>nihil</strong></span> <span class='ocrx_word' id='word_1_157' title='bbox 556 849 662 878; x_wconf 87' lang='lat' dir='ltr'><strong>secreti</strong></span> <span class='ocrx_word' id='word_1_158' title='bbox 674 849 792 885; x_wconf 91' lang='lat' dir='ltr'><strong>retinet,</strong></span> <span class='ocrx_word' id='word_1_159' title='bbox 807 850 859 878; x_wconf 87' lang='lat' dir='ltr'><strong>sed</strong></span> <span class='ocrx_word' id='word_1_160' title='bbox 875 849 906 878; x_wconf 89' lang='lat' dir='ltr'><strong>in</strong></span> <span class='ocrx_word' id='word_1_161' title='bbox 919 849 1092 888; x_wconf 87' lang='lat' dir='ltr'><strong>hujusmodi</strong></span> <span class='ocrx_word' id='word_1_162' title='bbox 1106 849 1294 879; x_wconf 82' lang='lat' dir='ltr'><strong>sermonibus</strong></span> <span class='ocrx_word' id='word_1_163' title='bbox 1305 846 1385 887; x_wconf 39' lang='lat' dir='ltr'><strong>sanes</strong></span> 
     </span>
     <span class='ocr_line' id='line_1_20' title="bbox 156 889 1376 930; baseline 0.003 -12"><span class='ocrx_word' id='word_1_164' title='bbox 156 889 222 919; x_wconf 89' lang='lat' dir='ltr'><strong>sine</strong></span> <span class='ocrx_word' id='word_1_165' title='bbox 238 891 299 919; x_wconf 92' lang='lat' dir='ltr'><strong>ullo</strong></span> <span class='ocrx_word' id='word_1_166' title='bbox 314 891 506 921; x_wconf 88' lang='lat' dir='ltr'><strong>incommodo</strong></span> <span class='ocrx_word' id='word_1_167' title='bbox 517 897 569 922; x_wconf 88' lang='lat' dir='ltr'><strong>aut</strong></span> <span class='ocrx_word' id='word_1_168' title='bbox 583 891 716 930; x_wconf 85' lang='lat' dir='ltr'><strong>periculo</strong></span> <span class='ocrx_word' id='word_1_169' title='bbox 731 891 853 921; x_wconf 88' lang='lat' dir='ltr'><strong>alterius</strong></span> <span class='ocrx_word' id='word_1_170' title='bbox 865 892 883 920; x_wconf 71' lang='grc' dir='ltr'><strong>ε’</strong></span> <span class='ocrx_word' id='word_1_171' title='bbox 900 901 938 921; x_wconf 85' lang='lat' dir='ltr'><strong>ex</strong></span> <span class='ocrx_word' id='word_1_172' title='bbox 953 892 1136 922; x_wconf 77' lang='lat' dir='ltr'><strong>Terentiano</strong></span> <span class='ocrx_word' id='word_1_173' title='bbox 1150 893 1202 922; x_wconf 90' lang='lat' dir='ltr'><strong>illo</strong></span> <span class='ocrx_word' id='word_1_174' title='bbox 1214 893 1295 925; x_wconf 84' lang='lat' dir='ltr'><strong>Eun.</strong></span> <span class='ocrx_word' id='word_1_175' title='bbox 1310 891 1376 928; x_wconf 81' lang='lat' dir='ltr'><strong>l,2‚</strong></span> 
     </span>
     <span class='ocr_line' id='line_1_21' title="bbox 155 932 967 973; baseline 0.005 -13"><span class='ocrx_word' id='word_1_176' title='bbox 155 932 206 967; x_wconf 84' lang='grc'><strong>25,</strong></span> <span class='ocrx_word' id='word_1_177' title='bbox 223 933 333 963; x_wconf 74' lang='lat' dir='ltr'><strong>Plenus</strong></span> <span class='ocrx_word' id='word_1_178' title='bbox 346 935 488 964; x_wconf 78' lang='lat' dir='ltr'><strong>rimarum</strong></span> <span class='ocrx_word' id='word_1_179' title='bbox 502 945 574 968; x_wconf 82' lang='lat' dir='ltr'><strong>sum,</strong></span> <span class='ocrx_word' id='word_1_180' title='bbox 589 935 644 963; x_wconf 81' lang='lat' dir='ltr'><strong>hac</strong></span> <span class='ocrx_word' id='word_1_181' title='bbox 657 938 745 973; x_wconf 79' lang='lat' dir='ltr'><strong>atque</strong></span> <span class='ocrx_word' id='word_1_182' title='bbox 759 935 829 964; x_wconf 82' lang='lat' dir='ltr'><strong>illac</strong></span> <span class='ocrx_word' id='word_1_183' title='bbox 846 935 967 973; x_wconf 81' lang='lat' dir='ltr'><strong>perfluo.</strong></span> 
     </span>
    </p>

    <p class='ocr_par' dir='ltr' id='par_1_7' title="bbox 146 974 1390 1226">
     <span class='ocr_line' id='line_1_22' title="bbox 197 974 1384 1015; baseline 0.003 -11"><span class='ocrx_word' id='word_1_184' title='bbox 197 974 330 1010; x_wconf 81' lang='lat'>47—49.</span> <span class='ocrx_word' id='word_1_185' title='bbox 353 977 464 1007; x_wconf 76' lang='lat' dir='ltr'><strong>Noster</strong></span> <span class='ocrx_word' id='word_1_186' title='bbox 483 976 595 1006; x_wconf 87' lang='lat' dir='ltr'><strong>comice</strong></span> <span class='ocrx_word' id='word_1_187' title='bbox 614 986 668 1014; x_wconf 91' lang='lat' dir='ltr'><strong>pro</strong></span> <span class='ocrx_word' id='word_1_188' title='bbox 691 986 753 1015; x_wconf 84' lang='lat' dir='ltr'><strong>ego.</strong></span> <span class='ocrx_word' id='word_1_189' title='bbox 799 976 897 1005; x_wconf 84' lang='lat' dir='ltr'><strong>Plaut.</strong></span> <span class='ocrx_word' id='word_1_190' title='bbox 914 977 994 1006; x_wconf 81' lang='lat' dir='ltr'><strong>Rud.</strong></span> <span class='ocrx_word' id='word_1_191' title='bbox 1007 976 1037 1012; x_wconf 78' lang='lat'><strong>4,</strong></span> <span class='ocrx_word' id='word_1_192' title='bbox 1058 975 1087 1012; x_wconf 88' lang='grc'><strong>7,</strong></span> <span class='ocrx_word' id='word_1_193' title='bbox 1110 977 1158 1011; x_wconf 86' lang='grc'><strong>19,</strong></span> <span class='ocrx_word' id='word_1_194' title='bbox 1172 977 1288 1006; x_wconf 80' lang='lat' dir='ltr'><strong>minime</strong></span> <span class='ocrx_word' id='word_1_195' title='bbox 1302 977 1384 1008; x_wconf 60' lang='lat' dir='ltr'><strong>istuc</strong></span> 
     </span>
     <span class='ocr_line' id='line_1_23' title="bbox 146 1015 1390 1057; baseline 0.001 -10"><span class='ocrx_word' id='word_1_196' title='bbox 146 1015 246 1056; x_wconf 85' lang='lat' dir='ltr'><strong>saciet</strong></span> <span class='ocrx_word' id='word_1_197' title='bbox 260 1023 358 1048; x_wconf 77' lang='lat' dir='ltr'><strong>noster</strong></span> <span class='ocrx_word' id='word_1_198' title='bbox 377 1020 538 1053; x_wconf 81' lang='lat' dir='ltr'><strong>Daemones,</strong></span> <span class='ocrx_word' id='word_1_199' title='bbox 558 1018 643 1056; x_wconf 88' lang='lat' dir='ltr'><strong>quasi</strong></span> <span class='ocrx_word' id='word_1_200' title='bbox 658 1024 783 1057; x_wconf 86' lang='lat' dir='ltr'><strong>excepto</strong></span> <span class='ocrx_word' id='word_1_201' title='bbox 805 1017 949 1048; x_wconf 84' lang='lat' dir='ltr'><strong>vocabulo</strong></span> <span class='ocrx_word' id='word_1_202' title='bbox 971 1023 1069 1048; x_wconf 69' lang='lat' dir='ltr'><strong>noster</strong></span> <span class='ocrx_word' id='word_1_203' title='bbox 1092 1028 1128 1048; x_wconf 81' lang='lat' dir='ltr'><strong>ex</strong></span> <span class='ocrx_word' id='word_1_204' title='bbox 1144 1028 1196 1048; x_wconf 84' lang='lat' dir='ltr'><strong>ore</strong></span> <span class='ocrx_word' id='word_1_205' title='bbox 1210 1016 1390 1056; x_wconf 36' lang='lat' dir='ltr'><strong>servorum&amp;</strong></span> 
     </span>
     <span class='ocr_line' id='line_1_24' title="bbox 155 1059 1390 1099; baseline 0.002 -10"><span class='ocrx_word' id='word_1_206' title='bbox 155 1059 184 1088; x_wconf 91' lang='lat' dir='ltr'><strong>h.</strong></span> <span class='ocrx_word' id='word_1_207' title='bbox 210 1060 229 1088; x_wconf 93' lang='lat' dir='ltr'><strong>l.</strong></span> <span class='ocrx_word' id='word_1_208' title='bbox 254 1069 292 1089; x_wconf 90' lang='lat' dir='ltr'><strong>ex</strong></span> <span class='ocrx_word' id='word_1_209' title='bbox 318 1070 369 1090; x_wconf 91' lang='lat' dir='ltr'><strong>ore</strong></span> <span class='ocrx_word' id='word_1_210' title='bbox 395 1061 475 1098; x_wconf 83' lang='lat' dir='ltr'><strong>vulgi</strong></span> <span class='ocrx_word' id='word_1_211' title='bbox 502 1061 663 1090; x_wconf 85' lang='lat' dir='ltr'><strong>Horatium</strong></span> <span class='ocrx_word' id='word_1_212' title='bbox 684 1060 741 1090; x_wconf 87' lang='lat' dir='ltr'><strong>sibi</strong></span> <span class='ocrx_word' id='word_1_213' title='bbox 769 1060 977 1093; x_wconf 79' lang='lat' dir='ltr'><strong>consociantis.</strong></span> <span class='ocrx_word' id='word_1_214' title='bbox 1021 1061 1317 1099; x_wconf 83' lang='lat' dir='ltr'><strong>Plusquamperfecta</strong></span> <span class='ocrx_word' id='word_1_215' title='bbox 1344 1061 1390 1092; x_wconf 79' lang='lat' dir='ltr'><strong>in·</strong></span> 
     </span>
     <span class='ocr_line' id='line_1_25' title="bbox 153 1101 1387 1142; baseline 0.002 -11"><span class='ocrx_word' id='word_1_216' title='bbox 153 1104 329 1140; x_wconf 76' lang='lat' dir='ltr'><strong>spectaverit</strong></span> <span class='ocrx_word' id='word_1_217' title='bbox 357 1108 387 1132; x_wconf 87' lang='lat' dir='ltr'><strong>et</strong></span> <span class='ocrx_word' id='word_1_218' title='bbox 416 1104 520 1133; x_wconf 83' lang='lat' dir='ltr'><strong>luserit</strong></span> <span class='ocrx_word' id='word_1_219' title='bbox 548 1108 666 1132; x_wconf 87' lang='lat' dir='ltr'><strong>mutare</strong></span> <span class='ocrx_word' id='word_1_220' title='bbox 687 1101 765 1132; x_wconf 85' lang='lat' dir='ltr'><strong>nihil</strong></span> <span class='ocrx_word' id='word_1_221' title='bbox 791 1103 947 1138; x_wconf 77' lang='lat' dir='ltr'><strong>attinebat,</strong></span> <span class='ocrx_word' id='word_1_222' title='bbox 977 1113 1071 1141; x_wconf 89' lang='lat' dir='ltr'><strong>quum</strong></span> <span class='ocrx_word' id='word_1_223' title='bbox 1093 1103 1131 1132; x_wconf 84' lang='lat' dir='ltr'><strong>sit</strong></span> <span class='ocrx_word' id='word_1_224' title='bbox 1152 1104 1234 1133; x_wconf 88' lang='lat' dir='ltr'><strong>velut</strong></span> <span class='ocrx_word' id='word_1_225' title='bbox 1262 1103 1387 1142; x_wconf 12' lang='lat' dir='ltr'><strong>speeiem*</strong></span> 
     </span>
     <span class='ocr_line' id='line_1_26' title="bbox 152 1143 1382 1184; baseline 0.003 -12"><span class='ocrx_word' id='word_1_226' title='bbox 152 1143 398 1181; x_wconf 79' lang='lat' dir='ltr'><strong>interrogationis</strong></span> <span class='ocrx_word' id='word_1_227' title='bbox 413 1145 533 1175; x_wconf 83' lang='lat' dir='ltr'><strong>directae</strong></span> <span class='ocrx_word' id='word_1_228' title='bbox 548 1155 602 1184; x_wconf 91' lang='lat' dir='ltr'><strong>pro</strong></span> <span class='ocrx_word' id='word_1_229' title='bbox 622 1145 816 1183; x_wconf 86' lang='lat' dir='ltr'><strong>hypothetico</strong></span> <span class='ocrx_word' id='word_1_230' title='bbox 837 1147 864 1175; x_wconf 76' lang='lat' dir='ltr'><strong>si</strong></span> <span class='ocrx_word' id='word_1_231' title='bbox 881 1146 996 1184; x_wconf 79' lang='lat' dir='ltr'><strong>quando</strong></span> <span class='ocrx_word' id='word_1_232' title='bbox 1016 1149 1175 1184; x_wconf 75' lang='lat' dir='ltr'><strong>spectarat,</strong></span> <span class='ocrx_word' id='word_1_233' title='bbox 1197 1155 1320 1184; x_wconf 78' lang='lat' dir='ltr'><strong>prorsus</strong></span> <span class='ocrx_word' id='word_1_234' title='bbox 1342 1150 1382 1177; x_wconf 77' lang='lat' dir='ltr'><strong>ut</strong></span> 
     </span>
     <span class='ocr_line' id='line_1_27' title="bbox 151 1186 739 1226; baseline 0 -10"><span class='ocrx_word' id='word_1_235' title='bbox 151 1186 214 1216; x_wconf 81' lang='lat' dir='ltr'><strong>Sat.</strong></span> <span class='ocrx_word' id='word_1_236' title='bbox 230 1187 259 1222; x_wconf 86' lang='lat'><strong>2,</strong></span> <span class='ocrx_word' id='word_1_237' title='bbox 275 1186 304 1222; x_wconf 89' lang='grc'><strong>7,</strong></span> <span class='ocrx_word' id='word_1_238' title='bbox 320 1187 370 1222; x_wconf 78' lang='grc'><strong>68,</strong></span> <span class='ocrx_word' id='word_1_239' title='bbox 385 1187 491 1217; x_wconf 73' lang='lat' dir='ltr'><strong>Evasit*</strong></span> <span class='ocrx_word' id='word_1_240' title='bbox 504 1197 557 1226; x_wconf 88' lang='lat' dir='ltr'><strong>pro</strong></span> <span class='ocrx_word' id='word_1_241' title='bbox 571 1189 598 1216; x_wconf 75' lang='lat' dir='ltr'><strong>si</strong></span> <span class='ocrx_word' id='word_1_242' title='bbox 612 1189 739 1217; x_wconf 72' lang='lat' dir='ltr'><strong>evasisti.</strong></span> 
     </span>
    </p>

    <p class='ocr_par' dir='ltr' id='par_1_8' title="bbox 150 1228 1377 1686">
     <span class='ocr_line' id='line_1_28' title="bbox 194 1228 1377 1269; baseline 0.002 -10"><span class='ocrx_word' id='word_1_243' title='bbox 194 1229 328 1258; x_wconf 81' lang='lat'>50—54.</span> <span class='ocrx_word' id='word_1_244' title='bbox 354 1228 529 1269; x_wconf 76' lang='lat' dir='ltr'><strong>[Frigidus]</strong></span> <span class='ocrx_word' id='word_1_245' title='bbox 556 1230 604 1258; x_wconf 90' lang='lat' dir='ltr'><strong>‘Si</strong></span> <span class='ocrx_word' id='word_1_246' title='bbox 628 1229 750 1258; x_wconf 82' lang='lat' dir='ltr'><strong>sinister</strong></span> <span class='ocrx_word' id='word_1_247' title='bbox 771 1229 880 1267; x_wconf 84' lang='lat' dir='ltr'><strong>aliquis</strong></span> <span class='ocrx_word' id='word_1_248' title='bbox 905 1238 940 1259; x_wconf 87' lang='lat' dir='ltr'><strong>ac</strong></span> <span class='ocrx_word' id='word_1_249' title='bbox 964 1229 1174 1259; x_wconf 75' lang='lat' dir='ltr'><strong>formidolosus</strong></span> <span class='ocrx_word' id='word_1_250' title='bbox 1198 1239 1302 1260; x_wconf 84' lang='lat' dir='ltr'><strong>rumor</strong></span> <span class='ocrx_word' id='word_1_251' title='bbox 1323 1238 1377 1268; x_wconf 78' lang='lat' dir='ltr'><strong>per</strong></span> 
     </span>
     <span class='ocr_line' id='line_1_29' title="bbox 153 1270 1375 1310; baseline 0.002 -10"><span class='ocrx_word' id='word_1_252' title='bbox 153 1270 273 1308; x_wconf 76' lang='lat' dir='ltr'><strong>singula</strong></span> <span class='ocrx_word' id='word_1_253' title='bbox 296 1271 377 1301; x_wconf 89' lang='lat' dir='ltr'><strong>bivia</strong></span> <span class='ocrx_word' id='word_1_254' title='bbox 400 1272 551 1310; x_wconf 84' lang='lat' dir='ltr'><strong>spargitur</strong></span> <span class='ocrx_word' id='word_1_255' title='bbox 575 1282 594 1301; x_wconf 90' lang='lat' dir='ltr'><strong>a</strong></span> <span class='ocrx_word' id='word_1_256' title='bbox 619 1272 736 1301; x_wconf 84' lang='lat' dir='ltr'><strong>Rostris</strong></span> <span class='ocrx_word' id='word_1_257' title='bbox 758 1271 790 1300; x_wconf 93' lang='lat' dir='ltr'><strong>in</strong></span> <span class='ocrx_word' id='word_1_258' title='bbox 813 1273 887 1301; x_wconf 89' lang='lat' dir='ltr'><strong>urbe</strong></span> <span class='ocrx_word' id='word_1_259' title='bbox 912 1271 1015 1301; x_wconf 70' lang='lat' dir='ltr'><strong>media</strong></span> <span class='ocrx_word' id='word_1_260' title='bbox 1037 1271 1112 1307; x_wconf 85' lang='lat' dir='ltr'><strong>sitis,</strong></span> <span class='ocrx_word' id='word_1_261' title='bbox 1138 1272 1218 1302; x_wconf 86' lang='lat' dir='ltr'><strong>unde</strong></span> <span class='ocrx_word' id='word_1_262' title='bbox 1243 1272 1375 1310; x_wconf 79' lang='lat' dir='ltr'><strong>primum</strong></span> 
     </span>
     <span class='ocr_line' id='line_1_30' title="bbox 153 1313 1376 1352; baseline 0.001 -10"><span class='ocrx_word' id='word_1_263' title='bbox 153 1313 316 1349; x_wconf 86' lang='lat' dir='ltr'><strong>emanavit,</strong></span> <span class='ocrx_word' id='word_1_264' title='bbox 332 1323 436 1343; x_wconf 87' lang='lat' dir='ltr'><strong>omnes</strong></span> <span class='ocrx_word' id='word_1_265' title='bbox 452 1324 500 1343; x_wconf 88' lang='lat' dir='ltr'><strong>me</strong></span> <span class='ocrx_word' id='word_1_266' title='bbox 516 1324 620 1343; x_wconf 89' lang='lat' dir='ltr'><strong>verum</strong></span> <span class='ocrx_word' id='word_1_267' title='bbox 635 1314 710 1343; x_wconf 87' lang='lat' dir='ltr'><strong>scire</strong></span> <span class='ocrx_word' id='word_1_268' title='bbox 730 1313 903 1352; x_wconf 83' lang='lat' dir='ltr'><strong>opinantur,</strong></span> <span class='ocrx_word' id='word_1_269' title='bbox 919 1319 1022 1352; x_wconf 85' lang='lat' dir='ltr'><strong>utpote</strong></span> <span class='ocrx_word' id='word_1_270' title='bbox 1037 1313 1088 1351; x_wconf 84' lang='lat' dir='ltr'><strong>qui</strong></span> <span class='ocrx_word' id='word_1_271' title='bbox 1103 1313 1289 1352; x_wconf 85' lang='lat' dir='ltr'><strong>principibus</strong></span> <span class='ocrx_word' id='word_1_272' title='bbox 1303 1314 1376 1344; x_wconf 74' lang='lat' dir='ltr'><strong>viris</strong></span> 
     </span>
     <span class='ocr_line' id='line_1_31' title="bbox 151 1354 1376 1396; baseline 0.002 -12"><span class='ocrx_word' id='word_1_273' title='bbox 151 1355 310 1393; x_wconf 85' lang='lat' dir='ltr'><strong>proximus</strong></span> <span class='ocrx_word' id='word_1_274' title='bbox 332 1356 466 1386; x_wconf 82' lang='lat' dir='ltr'><strong>sim.&#39;—</strong></span> <span class='ocrx_word' id='word_1_275' title='bbox 481 1354 610 1396; x_wconf 76' lang='lat' dir='ltr'><strong>[Dacis]</strong></span> <span class='ocrx_word' id='word_1_276' title='bbox 635 1357 712 1385; x_wconf 91' lang='lat' dir='ltr'><strong>Cum</strong></span> <span class='ocrx_word' id='word_1_277' title='bbox 735 1356 782 1385; x_wconf 79' lang='lat' dir='ltr'><strong>his</strong></span> <span class='ocrx_word' id='word_1_278' title='bbox 806 1356 847 1385; x_wconf 88' lang='lat' dir='ltr'><strong>M.</strong></span> <span class='ocrx_word' id='word_1_279' title='bbox 870 1354 995 1385; x_wconf 85' lang='lat' dir='ltr'><strong>Antonii</strong></span> <span class='ocrx_word' id='word_1_280' title='bbox 1017 1355 1114 1391; x_wconf 86' lang='lat' dir='ltr'><strong>sociis,</strong></span> <span class='ocrx_word' id='word_1_281' title='bbox 1137 1355 1202 1394; x_wconf 76' lang='lat' dir='ltr'><strong>ipso</strong></span> <span class='ocrx_word' id='word_1_282' title='bbox 1222 1356 1275 1386; x_wconf 82' lang='lat' dir='ltr'><strong>illo</strong></span> <span class='ocrx_word' id='word_1_283' title='bbox 1295 1365 1376 1387; x_wconf 83' lang='lat' dir='ltr'><strong>anno</strong></span> 
     </span>
     <span class='ocr_line' id='line_1_32' title="bbox 154 1396 1374 1437; baseline 0.002 -11"><span class='ocrx_word' id='word_1_284' title='bbox 154 1396 227 1432; x_wconf 81' lang='lat'><strong>723,</strong></span> <span class='ocrx_word' id='word_1_285' title='bbox 244 1408 304 1436; x_wconf 89' lang='lat' dir='ltr'><strong>quo</strong></span> <span class='ocrx_word' id='word_1_286' title='bbox 320 1398 385 1427; x_wconf 85' lang='lat' dir='ltr'><strong>haec</strong></span> <span class='ocrx_word' id='word_1_287' title='bbox 405 1399 502 1428; x_wconf 87' lang='lat' dir='ltr'><strong>Satira</strong></span> <span class='ocrx_word' id='word_1_288' title='bbox 516 1399 680 1437; x_wconf 86' lang='lat' dir='ltr'><strong>composita</strong></span> <span class='ocrx_word' id='word_1_289' title='bbox 695 1404 749 1433; x_wconf 84' lang='lat' dir='ltr'><strong>est,</strong></span> <span class='ocrx_word' id='word_1_290' title='bbox 771 1398 884 1428; x_wconf 88' lang='lat' dir='ltr'><strong>bellum</strong></span> <span class='ocrx_word' id='word_1_291' title='bbox 905 1399 1082 1435; x_wconf 83' lang='lat' dir='ltr'><strong>gerebatur;</strong></span> <span class='ocrx_word' id='word_1_292' title='bbox 1106 1399 1144 1427; x_wconf 83' lang='lat' dir='ltr'><strong>ad</strong></span> <span class='ocrx_word' id='word_1_293' title='bbox 1159 1399 1241 1436; x_wconf 84' lang='lat' dir='ltr'><strong>quod</strong></span> <span class='ocrx_word' id='word_1_294' title='bbox 1257 1406 1286 1427; x_wconf 80' lang='grc' dir='ltr'><strong>Α.</strong></span> <span class='ocrx_word' id='word_1_295' title='bbox 1302 1397 1374 1433; x_wconf 79' lang='lat'><strong>724.</strong></span> 
     </span>
     <span class='ocr_line' id='line_1_33' title="bbox 155 1437 1374 1480; baseline 0.001 -12"><span class='ocrx_word' id='word_1_296' title='bbox 155 1439 199 1468; x_wconf 92' lang='grc' dir='ltr'><strong>Μ.</strong></span> <span class='ocrx_word' id='word_1_297' title='bbox 211 1441 347 1475; x_wconf 83' lang='lat' dir='ltr'><strong>Crassus,</strong></span> <span class='ocrx_word' id='word_1_298' title='bbox 358 1439 448 1477; x_wconf 83' lang='lat' dir='ltr'><strong>illius,</strong></span> <span class='ocrx_word' id='word_1_299' title='bbox 462 1441 514 1478; x_wconf 89' lang='lat' dir='ltr'><strong>qui</strong></span> <span class='ocrx_word' id='word_1_300' title='bbox 529 1451 546 1470; x_wconf 87' lang='lat' dir='ltr'><strong>a</strong></span> <span class='ocrx_word' id='word_1_301' title='bbox 558 1441 676 1470; x_wconf 89' lang='lat' dir='ltr'><strong>Parthis</strong></span> <span class='ocrx_word' id='word_1_302' title='bbox 688 1441 802 1470; x_wconf 88' lang='lat' dir='ltr'><strong>occisus</strong></span> <span class='ocrx_word' id='word_1_303' title='bbox 813 1446 868 1475; x_wconf 84' lang='lat' dir='ltr'><strong>est,</strong></span> <span class='ocrx_word' id='word_1_304' title='bbox 883 1440 971 1476; x_wconf 79' lang='lat' dir='ltr'><strong>filius,</strong></span> <span class='ocrx_word' id='word_1_305' title='bbox 988 1440 1096 1469; x_wconf 86' lang='lat' dir='ltr'><strong>missus</strong></span> <span class='ocrx_word' id='word_1_306' title='bbox 1111 1445 1166 1470; x_wconf 84' lang='lat' dir='ltr'><strong>est.</strong></span> <span class='ocrx_word' id='word_1_307' title='bbox 1175 1456 1218 1462; x_wconf 89' lang='lat'><em>-</em></span> <span class='ocrx_word' id='word_1_308' title='bbox 1228 1437 1374 1480; x_wconf 71' lang='lat' dir='ltr'><strong>[derisor]</strong></span> 
     </span>
     <span class='ocr_line' id='line_1_34' title="bbox 153 1480 1373 1522; baseline 0 -11"><span class='ocrx_word' id='word_1_309' title='bbox 153 1480 256 1521; x_wconf 70' lang='grc' dir='ltr'><strong>εἴρων.</strong></span> <span class='ocrx_word' id='word_1_310' title='bbox 301 1483 359 1512; x_wconf 91' lang='lat' dir='ltr'><strong>Sal.</strong></span> <span class='ocrx_word' id='word_1_311' title='bbox 376 1484 441 1513; x_wconf 86' lang='lat' dir='ltr'><strong>Cat.</strong></span> <span class='ocrx_word' id='word_1_312' title='bbox 457 1484 487 1520; x_wconf 84' lang='lat'><strong>5,</strong></span> <span class='ocrx_word' id='word_1_313' title='bbox 503 1482 660 1522; x_wconf 79' lang='lat' dir='ltr'><strong>cujuslibet</strong></span> <span class='ocrx_word' id='word_1_314' title='bbox 676 1485 720 1513; x_wconf 78' lang='lat' dir='ltr'><strong>rei</strong></span> <span class='ocrx_word' id='word_1_315' title='bbox 740 1483 893 1512; x_wconf 77' lang='lat' dir='ltr'><strong>simulator</strong></span> <span class='ocrx_word' id='word_1_316' title='bbox 912 1493 947 1512; x_wconf 79' lang='lat' dir='ltr'><strong>ac</strong></span> <span class='ocrx_word' id='word_1_317' title='bbox 961 1483 1168 1512; x_wconf 68' lang='lat' dir='ltr'><strong>dissimulator.</strong></span> <span class='ocrx_word' id='word_1_318' title='bbox 1213 1482 1313 1512; x_wconf 75' lang='lat' dir='ltr'><strong>Mixtn</strong></span> <span class='ocrx_word' id='word_1_319' title='bbox 1328 1482 1373 1512; x_wconf 72' lang='lat' dir='ltr'><strong>vi·</strong></span> 
     </span>
     <span class='ocr_line' id='line_1_35' title="bbox 152 1524 1375 1563; baseline 0 -9"><span class='ocrx_word' id='word_1_320' title='bbox 152 1524 242 1554; x_wconf 84' lang='lat' dir='ltr'><strong>detur</strong></span> <span class='ocrx_word' id='word_1_321' title='bbox 255 1525 438 1554; x_wconf 89' lang='lat' dir='ltr'><strong>constructio</strong></span> <span class='ocrx_word' id='word_1_322' title='bbox 452 1535 490 1555; x_wconf 85' lang='lat' dir='ltr'><strong>ex</strong></span> <span class='ocrx_word' id='word_1_323' title='bbox 506 1526 553 1555; x_wconf 89' lang='lat' dir='ltr'><strong>his</strong></span> <span class='ocrx_word' id='word_1_324' title='bbox 568 1526 703 1560; x_wconf 84' lang='lat' dir='ltr'><strong>duabus;</strong></span> <span class='ocrx_word' id='word_1_325' title='bbox 727 1527 734 1540; x_wconf 92' lang='lat'>‘</span> <span class='ocrx_word' id='word_1_326' title='bbox 748 1526 911 1563; x_wconf 87' lang='lat' dir='ltr'><strong>Semperne</strong></span> <span class='ocrx_word' id='word_1_327' title='bbox 933 1525 992 1554; x_wconf 75' lang='lat' dir='ltr'><strong>eris</strong></span> <span class='ocrx_word' id='word_1_328' title='bbox 1013 1524 1150 1554; x_wconf 70' lang='lat' dir='ltr'><strong>derisor?</strong></span> <span class='ocrx_word' id='word_1_329' title='bbox 1162 1525 1170 1537; x_wconf 90' lang='lat'>’</span> <span class='ocrx_word' id='word_1_330' title='bbox 1193 1530 1232 1560; x_wconf 87' lang='lat' dir='ltr'><strong>et,</strong></span> <span class='ocrx_word' id='word_1_331' title='bbox 1256 1527 1264 1541; x_wconf 89' lang='lat'>‘</span> <span class='ocrx_word' id='word_1_332' title='bbox 1276 1525 1319 1554; x_wconf 87' lang='lat' dir='ltr'><strong>Ut</strong></span> <span class='ocrx_word' id='word_1_333' title='bbox 1340 1531 1375 1554; x_wconf 82' lang='lat' dir='ltr'><strong>tu</strong></span> 
     </span>
     <span class='ocr_line' id='line_1_36' title="bbox 153 1565 1372 1607; baseline 0 -11"><span class='ocrx_word' id='word_1_334' title='bbox 153 1576 273 1606; x_wconf 86' lang='lat' dir='ltr'><strong>semper</strong></span> <span class='ocrx_word' id='word_1_335' title='bbox 287 1578 317 1597; x_wconf 77' lang='lat' dir='ltr'><strong>es</strong></span> <span class='ocrx_word' id='word_1_336' title='bbox 333 1567 447 1597; x_wconf 87' lang='lat' dir='ltr'><strong>derisor</strong></span> <span class='ocrx_word' id='word_1_337' title='bbox 459 1568 481 1596; x_wconf 79' lang='lat' dir='ltr'><strong>l&#39;</strong></span> <span class='ocrx_word' id='word_1_338' title='bbox 497 1583 541 1590; x_wconf 96' lang='lat'>—</span> <span class='ocrx_word' id='word_1_339' title='bbox 557 1567 605 1607; x_wconf 81' lang='lat' dir='ltr'><strong>[di</strong></span> <span class='ocrx_word' id='word_1_340' title='bbox 626 1565 792 1606; x_wconf 67' lang='lat' dir='ltr'><strong>exagitent]</strong></span> <span class='ocrx_word' id='word_1_341' title='bbox 817 1567 960 1596; x_wconf 87' lang='lat' dir='ltr'><strong>Formula</strong></span> <span class='ocrx_word' id='word_1_342' title='bbox 974 1566 1071 1595; x_wconf 85' lang='lat' dir='ltr'><strong>solita.</strong></span> <span class='ocrx_word' id='word_1_343' title='bbox 1116 1567 1185 1596; x_wconf 87' lang='lat' dir='ltr'><strong>Tac.</strong></span> <span class='ocrx_word' id='word_1_344' title='bbox 1200 1566 1283 1596; x_wconf 88' lang='lat' dir='ltr'><strong>Anu.</strong></span> <span class='ocrx_word' id='word_1_345' title='bbox 1297 1566 1326 1602; x_wconf 87' lang='lat'><strong>6,</strong></span> <span class='ocrx_word' id='word_1_346' title='bbox 1341 1566 1372 1602; x_wconf 75' lang='lat'><strong>6,</strong></span> 
     </span>
     <span class='ocr_line' id='line_1_37' title="bbox 152 1608 1373 1649; baseline 0.002 -12"><span class='ocrx_word' id='word_1_347' title='bbox 152 1608 185 1637; x_wconf 88' lang='lat' dir='ltr'><strong>in</strong></span> <span class='ocrx_word' id='word_1_348' title='bbox 201 1609 314 1639; x_wconf 88' lang='lat' dir='ltr'><strong>Tiberii</strong></span> <span class='ocrx_word' id='word_1_349' title='bbox 331 1610 478 1648; x_wconf 72' lang='lat' dir='ltr'><strong>Epistola,</strong></span> <span class='ocrx_word' id='word_1_350' title='bbox 493 1611 525 1639; x_wconf 87' lang='lat' dir='ltr'><strong>di</strong></span> <span class='ocrx_word' id='word_1_351' title='bbox 538 1620 582 1639; x_wconf 87' lang='lat' dir='ltr'><strong>me</strong></span> <span class='ocrx_word' id='word_1_352' title='bbox 596 1611 714 1649; x_wconf 81' lang='lat' dir='ltr'><strong>deaeque</strong></span> <span class='ocrx_word' id='word_1_353' title='bbox 723 1608 812 1648; x_wconf 70' lang='lat' dir='ltr'><strong>pejus</strong></span> <span class='ocrx_word' id='word_1_354' title='bbox 820 1610 961 1648; x_wconf 80' lang='lat' dir='ltr'><strong>perdant,</strong></span> <span class='ocrx_word' id='word_1_355' title='bbox 973 1619 1060 1648; x_wconf 82' lang='lat' dir='ltr'><strong>quam</strong></span> <span class='ocrx_word' id='word_1_356' title='bbox 1070 1610 1170 1648; x_wconf 79' lang='lat' dir='ltr'><strong>perire</strong></span> <span class='ocrx_word' id='word_1_357' title='bbox 1185 1619 1228 1639; x_wconf 81' lang='lat' dir='ltr'><strong>me</strong></span> <span class='ocrx_word' id='word_1_358' title='bbox 1243 1610 1373 1648; x_wconf 74' lang='lat' dir='ltr'><strong>quotidie</strong></span> 
     </span>
     <span class='ocr_line' id='line_1_38' title="bbox 150 1653 409 1686; baseline -0.004 -5"><span class='ocrx_word' id='word_1_359' title='bbox 150 1653 252 1686; x_wconf 71' lang='lat' dir='ltr'><strong>sentio,</strong></span> <span class='ocrx_word' id='word_1_360' title='bbox 275 1653 308 1681; x_wconf 81' lang='lat' dir='ltr'><strong>si</strong></span> <span class='ocrx_word' id='word_1_361' title='bbox 329 1654 409 1682; x_wconf 75' lang='lat' dir='ltr'><strong>scio.</strong></span> 
     </span>
    </p>

    <p class='ocr_par' dir='ltr' id='par_1_9' title="bbox 149 1691 1376 2029">
     <span class='ocr_line' id='line_1_39' title="bbox 195 1691 1375 1732; baseline 0.002 -10"><span class='ocrx_word' id='word_1_362' title='bbox 195 1694 329 1724; x_wconf 83' lang='lat'>55—59.</span> <span class='ocrx_word' id='word_1_363' title='bbox 348 1694 507 1731; x_wconf 80' lang='lat' dir='ltr'><strong>[militibus</strong></span> <span class='ocrx_word' id='word_1_364' title='bbox 518 1693 677 1732; x_wconf 80' lang='lat' dir='ltr'><strong>promissa]</strong></span> <span class='ocrx_word' id='word_1_365' title='bbox 704 1693 762 1722; x_wconf 86' lang='lat' dir='ltr'><strong>Hic</strong></span> <span class='ocrx_word' id='word_1_366' title='bbox 773 1702 894 1731; x_wconf 84' lang='lat' dir='ltr'><strong>quoque</strong></span> <span class='ocrx_word' id='word_1_367' title='bbox 908 1694 1014 1723; x_wconf 89' lang='lat' dir='ltr'><strong>eodem</strong></span> <span class='ocrx_word' id='word_1_368' title='bbox 1030 1698 1164 1732; x_wconf 87' lang='lat' dir='ltr'><strong>ternpore</strong></span> <span class='ocrx_word' id='word_1_369' title='bbox 1177 1691 1298 1731; x_wconf 75' lang='lat' dir='ltr'><strong>(A.u.c.</strong></span> <span class='ocrx_word' id='word_1_370' title='bbox 1313 1691 1375 1728; x_wconf 78' lang='lat'><strong>723</strong></span> 
     </span>
     <span class='ocr_line' id='line_1_40' title="bbox 150 1734 1376 1775; baseline 0 -11"><span class='ocrx_word' id='word_1_371' title='bbox 150 1734 299 1775; x_wconf 82' lang='lat' dir='ltr'><strong>exeunte)</strong></span> <span class='ocrx_word' id='word_1_372' title='bbox 316 1737 509 1774; x_wconf 88' lang='lat' dir='ltr'><strong>quotidianus</strong></span> <span class='ocrx_word' id='word_1_373' title='bbox 531 1736 660 1766; x_wconf 88' lang='lat' dir='ltr'><strong>civitatis</strong></span> <span class='ocrx_word' id='word_1_374' title='bbox 677 1745 776 1765; x_wconf 89' lang='lat' dir='ltr'><strong>sermo</strong></span> <span class='ocrx_word' id='word_1_375' title='bbox 798 1742 871 1765; x_wconf 89' lang='lat' dir='ltr'><strong>erat.</strong></span> <span class='ocrx_word' id='word_1_376' title='bbox 915 1736 984 1768; x_wconf 76' lang='lat' dir='ltr'><strong>Quo</strong></span> <span class='ocrx_word' id='word_1_377' title='bbox 1006 1741 1141 1773; x_wconf 85' lang='lat' dir='ltr'><strong>tempore</strong></span> <span class='ocrx_word' id='word_1_378' title='bbox 1163 1735 1228 1764; x_wconf 76' lang='lat' dir='ltr'><strong>ltaec</strong></span> <span class='ocrx_word' id='word_1_379' title='bbox 1244 1735 1376 1774; x_wconf 82' lang='lat' dir='ltr'><strong>scripsit,</strong></span> 
     </span>
     <span class='ocr_line' id='line_1_41' title="bbox 152 1778 1370 1816; baseline 0.001 -10"><span class='ocrx_word' id='word_1_380' title='bbox 152 1778 244 1807; x_wconf 81' lang='lat' dir='ltr'><strong>etiarn</strong></span> <span class='ocrx_word' id='word_1_381' title='bbox 267 1783 340 1807; x_wconf 92' lang='lat' dir='ltr'><strong>tunc</strong></span> <span class='ocrx_word' id='word_1_382' title='bbox 362 1779 578 1816; x_wconf 83' lang='lat' dir='ltr'><strong>ambigebatur,</strong></span> <span class='ocrx_word' id='word_1_383' title='bbox 602 1785 744 1808; x_wconf 88' lang='lat' dir='ltr'><strong>utrumne</strong></span> <span class='ocrx_word' id='word_1_384' title='bbox 766 1778 797 1807; x_wconf 91' lang='lat' dir='ltr'><strong>in</strong></span> <span class='ocrx_word' id='word_1_385' title='bbox 820 1778 932 1813; x_wconf 70' lang='lat' dir='ltr'><strong>Sicilia,</strong></span> <span class='ocrx_word' id='word_1_386' title='bbox 953 1787 992 1807; x_wconf 89' lang='lat' dir='ltr'><strong>an</strong></span> <span class='ocrx_word' id='word_1_387' title='bbox 1006 1778 1038 1806; x_wconf 89' lang='lat' dir='ltr'><strong>in</strong></span> <span class='ocrx_word' id='word_1_388' title='bbox 1055 1778 1144 1807; x_wconf 64' lang='lat' dir='ltr'><strong>ltalia</strong></span> <span class='ocrx_word' id='word_1_389' title='bbox 1159 1778 1307 1807; x_wconf 84' lang='lat' dir='ltr'><strong>veteranis</strong></span> <span class='ocrx_word' id='word_1_390' title='bbox 1322 1784 1370 1807; x_wconf 82' lang='lat' dir='ltr'><strong>tu-</strong></span> 
     </span>
     <span class='ocr_line' id='line_1_42' title="bbox 150 1820 1374 1859; baseline -0.004 -8"><span class='ocrx_word' id='word_1_391' title='bbox 150 1821 372 1851; x_wconf 86' lang='lat' dir='ltr'><strong>multuantibus</strong></span> <span class='ocrx_word' id='word_1_392' title='bbox 395 1821 496 1850; x_wconf 82' lang='lat' dir='ltr'><strong>Caesar</strong></span> <span class='ocrx_word' id='word_1_393' title='bbox 517 1830 604 1858; x_wconf 82' lang='lat' dir='ltr'><strong>agros</strong></span> <span class='ocrx_word' id='word_1_394' title='bbox 626 1822 751 1850; x_wconf 86' lang='lat' dir='ltr'><strong>daturus</strong></span> <span class='ocrx_word' id='word_1_395' title='bbox 773 1825 861 1850; x_wconf 89' lang='lat' dir='ltr'><strong>esset.</strong></span> <span class='ocrx_word' id='word_1_396' title='bbox 874 1836 917 1842; x_wconf 90' lang='lat'><strong>—-</strong></span> <span class='ocrx_word' id='word_1_397' title='bbox 935 1821 1093 1859; x_wconf 78' lang='lat' dir='ltr'><strong>Triquetra</strong></span> <span class='ocrx_word' id='word_1_398' title='bbox 1117 1820 1287 1858; x_wconf 85' lang='lat' dir='ltr'><strong>antiquiore</strong></span> <span class='ocrx_word' id='word_1_399' title='bbox 1308 1829 1374 1849; x_wconf 83' lang='lat' dir='ltr'><strong>ser.</strong></span> 
     </span>
     <span class='ocr_line' id='line_1_43' title="bbox 151 1862 1371 1902; baseline -0.002 -10"><span class='ocrx_word' id='word_1_400' title='bbox 151 1871 242 1892; x_wconf 88' lang='lat' dir='ltr'><strong>mone</strong></span> <span class='ocrx_word' id='word_1_401' title='bbox 258 1872 311 1901; x_wconf 88' lang='lat' dir='ltr'><strong>pro</strong></span> <span class='ocrx_word' id='word_1_402' title='bbox 326 1864 478 1902; x_wconf 82' lang='lat' dir='ltr'><strong>triangula</strong></span> <span class='ocrx_word' id='word_1_403' title='bbox 493 1863 572 1892; x_wconf 84' lang='lat' dir='ltr'><strong>dicta</strong></span> <span class='ocrx_word' id='word_1_404' title='bbox 587 1869 633 1892; x_wconf 89' lang='lat' dir='ltr'><strong>est</strong></span> <span class='ocrx_word' id='word_1_405' title='bbox 653 1863 755 1893; x_wconf 87' lang='lat' dir='ltr'><strong>Sicilia</strong></span> <span class='ocrx_word' id='word_1_406' title='bbox 769 1872 786 1892; x_wconf 86' lang='lat' dir='ltr'><strong>a</strong></span> <span class='ocrx_word' id='word_1_407' title='bbox 800 1863 897 1892; x_wconf 71' lang='lat' dir='ltr'><strong>forma</strong></span> <span class='ocrx_word' id='word_1_408' title='bbox 912 1862 1100 1900; x_wconf 83' lang='lat' dir='ltr'><strong>triangulari,</strong></span> <span class='ocrx_word' id='word_1_409' title='bbox 1118 1862 1214 1891; x_wconf 81' lang='lat' dir='ltr'><strong>tribus</strong></span> <span class='ocrx_word' id='word_1_410' title='bbox 1228 1871 1371 1900; x_wconf 88' lang='lat' dir='ltr'><strong>promon-</strong></span> 
     </span>
     <span class='ocr_line' id='line_1_44' title="bbox 149 1904 1372 1943; baseline 0 -9"><span class='ocrx_word' id='word_1_411' title='bbox 149 1904 244 1941; x_wconf 86' lang='lat' dir='ltr'><strong>toriis,</strong></span> <span class='ocrx_word' id='word_1_412' title='bbox 273 1905 425 1943; x_wconf 88' lang='lat' dir='ltr'><strong>Pachyno,</strong></span> <span class='ocrx_word' id='word_1_413' title='bbox 453 1905 598 1943; x_wconf 85' lang='lat' dir='ltr'><strong>Lilybaeo,</strong></span> <span class='ocrx_word' id='word_1_414' title='bbox 625 1906 731 1935; x_wconf 85' lang='lat' dir='ltr'><strong>Peloro</strong></span> <span class='ocrx_word' id='word_1_415' title='bbox 759 1905 854 1935; x_wconf 84' lang='lat' dir='ltr'><strong>finita.</strong></span> <span class='ocrx_word' id='word_1_416' title='bbox 898 1905 960 1934; x_wconf 78' lang='lat' dir='ltr'><strong>Csr.</strong></span> <span class='ocrx_word' id='word_1_417' title='bbox 985 1904 1130 1937; x_wconf 78' lang='lat' dir='ltr'><strong>Quinctil.</strong></span> <span class='ocrx_word' id='word_1_418' title='bbox 1158 1904 1186 1940; x_wconf 90' lang='lat'><strong>1,</strong></span> <span class='ocrx_word' id='word_1_419' title='bbox 1213 1904 1243 1940; x_wconf 86' lang='lat'><strong>6,</strong></span> <span class='ocrx_word' id='word_1_420' title='bbox 1267 1904 1316 1934; x_wconf 84' lang='lat'><strong>30.</strong></span> <span class='ocrx_word' id='word_1_421' title='bbox 1329 1919 1372 1926; x_wconf 90' lang='lat'>-</span> 
     </span>
     <span class='ocr_line' id='line_1_45' title="bbox 153 1945 1370 1986; baseline 0 -10"><span class='ocrx_word' id='word_1_422' title='bbox 153 1945 276 1986; x_wconf 81' lang='lat' dir='ltr'><strong>[unum]</strong></span> <span class='ocrx_word' id='word_1_423' title='bbox 295 1947 498 1986; x_wconf 83' lang='lat' dir='ltr'><strong>‘praecipuum</strong></span> <span class='ocrx_word' id='word_1_424' title='bbox 520 1948 666 1983; x_wconf 90' lang='lat' dir='ltr'><strong>omnium,</strong></span> <span class='ocrx_word' id='word_1_425' title='bbox 687 1953 836 1986; x_wconf 86' lang='lat' dir='ltr'><strong>quotquot</strong></span> <span class='ocrx_word' id='word_1_426' title='bbox 855 1947 946 1976; x_wconf 89' lang='lat' dir='ltr'><strong>sunt.’</strong></span> <span class='ocrx_word' id='word_1_427' title='bbox 991 1947 1034 1977; x_wconf 87' lang='lat' dir='ltr'><strong>Ut</strong></span> <span class='ocrx_word' id='word_1_428' title='bbox 1049 1946 1164 1983; x_wconf 84' lang='lat' dir='ltr'><strong>Cicero,</strong></span> <span class='ocrx_word' id='word_1_429' title='bbox 1178 1956 1253 1977; x_wconf 73' lang='lat' dir='ltr'><strong>unus</strong></span> <span class='ocrx_word' id='word_1_430' title='bbox 1267 1947 1370 1986; x_wconf 79' lang='lat' dir='ltr'><strong>gladi-</strong></span> 
     </span>
     <span class='ocr_line' id='line_1_46' title="bbox 149 1990 916 2029; baseline 0.001 -10"><span class='ocrx_word' id='word_1_431' title='bbox 149 1994 215 2020; x_wconf 74' lang='lat' dir='ltr'><strong>ator</strong></span> <span class='ocrx_word' id='word_1_432' title='bbox 230 1990 274 2019; x_wconf 85' lang='lat' dir='ltr'><strong>M.</strong></span> <span class='ocrx_word' id='word_1_433' title='bbox 287 1991 444 2025; x_wconf 75' lang='lat' dir='ltr'><strong>Antonius,</strong></span> <span class='ocrx_word' id='word_1_434' title='bbox 461 1990 607 2025; x_wconf 89' lang='lat' dir='ltr'><strong>Catullus,</strong></span> <span class='ocrx_word' id='word_1_435' title='bbox 622 2000 696 2020; x_wconf 78' lang='lat' dir='ltr'><strong>unus</strong></span> <span class='ocrx_word' id='word_1_436' title='bbox 709 1991 916 2029; x_wconf 79' lang='lat' dir='ltr'><strong>caprimulgus.</strong></span> 
     </span>
    </p>

    <p class='ocr_par' dir='ltr' id='par_1_10' title="bbox 145 2028 1371 2325">
     <span class='ocr_line' id='line_1_47' title="bbox 191 2028 1370 2072; baseline -0.002 -10"><span class='ocrx_word' id='word_1_437' title='bbox 191 2031 317 2062; x_wconf 83' lang='lat'>61—64</span> <span class='ocrx_word' id='word_1_438' title='bbox 350 2030 508 2072; x_wconf 79' lang='lat' dir='ltr'><strong>[veterum]</strong></span> <span class='ocrx_word' id='word_1_439' title='bbox 530 2033 709 2071; x_wconf 87' lang='lat' dir='ltr'><strong>scriptorum</strong></span> <span class='ocrx_word' id='word_1_440' title='bbox 731 2037 801 2062; x_wconf 85' lang='lat' dir='ltr'><strong>ante</strong></span> <span class='ocrx_word' id='word_1_441' title='bbox 817 2031 1028 2061; x_wconf 82' lang='lat' dir='ltr'><strong>Alexandrum</strong></span> <span class='ocrx_word' id='word_1_442' title='bbox 1045 2031 1088 2061; x_wconf 91' lang='lat' dir='ltr'><strong>M.</strong></span> <span class='ocrx_word' id='word_1_443' title='bbox 1102 2047 1145 2054; x_wconf 91' lang='lat'>—</span> <span class='ocrx_word' id='word_1_444' title='bbox 1161 2028 1289 2070; x_wconf 76' lang='lat' dir='ltr'><strong>[somno]</strong></span> <span class='ocrx_word' id='word_1_445' title='bbox 1305 2040 1370 2060; x_wconf 85' lang='lat' dir='ltr'><strong>rne-</strong></span> 
     </span>
     <span class='ocr_line' id='line_1_48' title="bbox 149 2073 1371 2112; baseline 0.001 -10"><span class='ocrx_word' id='word_1_446' title='bbox 149 2073 278 2108; x_wconf 87' lang='lat' dir='ltr'><strong>ridiano,</strong></span> <span class='ocrx_word' id='word_1_447' title='bbox 301 2076 401 2110; x_wconf 69' lang='lat' dir='ltr'><strong>siena,</strong></span> <span class='ocrx_word' id='word_1_448' title='bbox 425 2076 505 2112; x_wconf 87' lang='lat' dir='ltr'><strong>quod</strong></span> <span class='ocrx_word' id='word_1_449' title='bbox 522 2075 625 2109; x_wconf 85' lang='lat' dir='ltr'><strong>Varro,</strong></span> <span class='ocrx_word' id='word_1_450' title='bbox 642 2075 678 2104; x_wconf 81' lang='lat' dir='ltr'><strong>R.</strong></span> <span class='ocrx_word' id='word_1_451' title='bbox 702 2075 739 2104; x_wconf 84' lang='lat' dir='ltr'><strong>R.</strong></span> <span class='ocrx_word' id='word_1_452' title='bbox 764 2074 791 2109; x_wconf 88' lang='lat' dir='ltr'><strong>l,</strong></span> <span class='ocrx_word' id='word_1_453' title='bbox 811 2075 841 2109; x_wconf 86' lang='lat'><strong>2,</strong></span> <span class='ocrx_word' id='word_1_454' title='bbox 861 2074 944 2109; x_wconf 88' lang='lat' dir='ltr'><strong>dicit,</strong></span> <span class='ocrx_word' id='word_1_455' title='bbox 967 2075 1100 2104; x_wconf 73' lang='lat' dir='ltr'><strong>aestivum</strong></span> <span class='ocrx_word' id='word_1_456' title='bbox 1121 2074 1198 2103; x_wconf 82' lang='lat' dir='ltr'><strong>diem</strong></span> <span class='ocrx_word' id='word_1_457' title='bbox 1218 2073 1371 2110; x_wconf 67' lang='lat' dir='ltr'><strong>diffindere</strong></span> 
     </span>
     <span class='ocr_line' id='line_1_49' title="bbox 146 2113 1369 2156; baseline 0 -11"><span class='ocrx_word' id='word_1_458' title='bbox 146 2117 275 2147; x_wconf 77' lang='lat' dir='ltr'><strong>insititio</strong></span> <span class='ocrx_word' id='word_1_459' title='bbox 299 2114 623 2156; x_wconf 62' lang='lat' dir='ltr'><strong>somna—[Ducere]</strong></span> <span class='ocrx_word' id='word_1_460' title='bbox 653 2113 769 2152; x_wconf 77' lang='grc' dir='ltr'><strong>ἕλκειν,</strong></span> <span class='ocrx_word' id='word_1_461' title='bbox 797 2116 883 2154; x_wconf 79' lang='lat' dir='ltr'><strong>quasi</strong></span> <span class='ocrx_word' id='word_1_462' title='bbox 906 2116 1010 2145; x_wconf 86' lang='lat' dir='ltr'><strong>vinum</strong></span> <span class='ocrx_word' id='word_1_463' title='bbox 1039 2116 1208 2149; x_wconf 86' lang='lat' dir='ltr'><strong>obsorbere,</strong></span> <span class='ocrx_word' id='word_1_464' title='bbox 1237 2115 1369 2145; x_wconf 88' lang='lat' dir='ltr'><strong>haurire.</strong></span> 
     </span>
     <span class='ocr_line' id='line_1_50' title="bbox 148 2155 1370 2198; baseline 0 -11"><span class='ocrx_word' id='word_1_465' title='bbox 148 2157 234 2196; x_wconf 82' lang='lat' dir='ltr'><strong>Virg.</strong></span> <span class='ocrx_word' id='word_1_466' title='bbox 260 2159 331 2188; x_wconf 85' lang='lat' dir='ltr'><strong>AEn.</strong></span> <span class='ocrx_word' id='word_1_467' title='bbox 355 2159 383 2194; x_wconf 89' lang='lat'><strong>6,</strong></span> <span class='ocrx_word' id='word_1_468' title='bbox 410 2158 480 2194; x_wconf 83' lang='lat'><strong>714,</strong></span> <span class='ocrx_word' id='word_1_469' title='bbox 511 2160 632 2189; x_wconf 77' lang='lat' dir='ltr'><strong>Securos</strong></span> <span class='ocrx_word' id='word_1_470' title='bbox 661 2160 763 2189; x_wconf 77' lang='lat' dir='ltr'><strong>latices</strong></span> <span class='ocrx_word' id='word_1_471' title='bbox 791 2163 820 2188; x_wconf 83' lang='lat' dir='ltr'><strong>et</strong></span> <span class='ocrx_word' id='word_1_472' title='bbox 845 2160 932 2198; x_wconf 78' lang='lat' dir='ltr'><strong>longa</strong></span> <span class='ocrx_word' id='word_1_473' title='bbox 958 2159 1066 2188; x_wconf 81' lang='lat' dir='ltr'><strong>oblivia</strong></span> <span class='ocrx_word' id='word_1_474' title='bbox 1087 2161 1198 2196; x_wconf 77' lang='lat' dir='ltr'><strong>potant.</strong></span> <span class='ocrx_word' id='word_1_475' title='bbox 1215 2172 1257 2178; x_wconf 86' lang='lat'><strong>—-</strong></span> <span class='ocrx_word' id='word_1_476' title='bbox 1273 2155 1370 2196; x_wconf 80' lang='lat' dir='ltr'><strong>[saba</strong></span> 
     </span>
     <span class='ocr_line' id='line_1_51' title="bbox 147 2199 1368 2240; baseline -0.001 -11"><span class='ocrx_word' id='word_1_477' title='bbox 147 2200 326 2240; x_wconf 73' lang='lat' dir='ltr'><strong>Pytlzagorae</strong></span> <span class='ocrx_word' id='word_1_478' title='bbox 348 2199 489 2240; x_wconf 79' lang='lat' dir='ltr'><strong>cognata]</strong></span> <span class='ocrx_word' id='word_1_479' title='bbox 518 2203 536 2218; x_wconf 83' lang='lat'><strong>‘⁶</strong></span> <span class='ocrx_word' id='word_1_480' title='bbox 550 2201 717 2231; x_wconf 87' lang='lat' dir='ltr'><strong>Dubitabat</strong></span> <span class='ocrx_word' id='word_1_481' title='bbox 738 2201 820 2231; x_wconf 89' lang='lat' dir='ltr'><strong>enim</strong></span> <span class='ocrx_word' id='word_1_482' title='bbox 843 2201 1043 2239; x_wconf 82' lang='lat' dir='ltr'><strong>Pythagoras,</strong></span> <span class='ocrx_word' id='word_1_483' title='bbox 1065 2209 1103 2229; x_wconf 86' lang='lat' dir='ltr'><strong>au</strong></span> <span class='ocrx_word' id='word_1_484' title='bbox 1126 2200 1158 2228; x_wconf 90' lang='lat' dir='ltr'><strong>in</strong></span> <span class='ocrx_word' id='word_1_485' title='bbox 1184 2208 1220 2228; x_wconf 88' lang='lat' dir='ltr'><strong>eo</strong></span> <span class='ocrx_word' id='word_1_486' title='bbox 1245 2208 1368 2238; x_wconf 85' lang='lat' dir='ltr'><strong>corpore</strong></span> 
     </span>
     <span class='ocr_line' id='line_1_52' title="bbox 145 2241 1368 2282; baseline -0.001 -11"><span class='ocrx_word' id='word_1_487' title='bbox 145 2242 252 2272; x_wconf 85' lang='lat' dir='ltr'><strong>lateret</strong></span> <span class='ocrx_word' id='word_1_488' title='bbox 275 2243 377 2273; x_wconf 81' lang='lat' dir='ltr'><strong>anima</strong></span> <span class='ocrx_word' id='word_1_489' title='bbox 400 2244 492 2282; x_wconf 87' lang='lat' dir='ltr'><strong>patris</strong></span> <span class='ocrx_word' id='word_1_490' title='bbox 515 2244 562 2273; x_wconf 86' lang='lat' dir='ltr'><strong>sui</strong></span> <span class='ocrx_word' id='word_1_491' title='bbox 587 2253 624 2272; x_wconf 86' lang='lat' dir='ltr'><strong>an</strong></span> <span class='ocrx_word' id='word_1_492' title='bbox 647 2243 771 2273; x_wconf 82' lang='lat' dir='ltr'><strong>alterius</strong></span> <span class='ocrx_word' id='word_1_493' title='bbox 795 2243 970 2282; x_wconf 88' lang='lat' dir='ltr'><strong>propinqui,</strong></span> <span class='ocrx_word' id='word_1_494' title='bbox 990 2244 1052 2282; x_wconf 69' lang='lat' dir='ltr'><strong>qua</strong></span> <span class='ocrx_word' id='word_1_495' title='bbox 1075 2243 1112 2271; x_wconf 85' lang='lat' dir='ltr'><strong>de</strong></span> <span class='ocrx_word' id='word_1_496' title='bbox 1137 2250 1170 2270; x_wconf 79' lang='lat' dir='ltr'><strong>re</strong></span> <span class='ocrx_word' id='word_1_497' title='bbox 1195 2241 1274 2271; x_wconf 86' lang='lat' dir='ltr'><strong>ridet</strong></span> <span class='ocrx_word' id='word_1_498' title='bbox 1297 2250 1368 2270; x_wconf 85' lang='lat' dir='ltr'><strong>eum</strong></span> 
     </span>
     <span class='ocr_line' id='line_1_53' title="bbox 145 2283 1368 2325; baseline 0 -11"><span class='ocrx_word' id='word_1_499' title='bbox 145 2285 291 2316; x_wconf 88' lang='lat' dir='ltr'><strong>Horatius</strong></span> <span class='ocrx_word' id='word_1_500' title='bbox 305 2291 334 2316; x_wconf 89' lang='lat' dir='ltr'><strong>et</strong></span> <span class='ocrx_word' id='word_1_501' title='bbox 349 2287 413 2325; x_wconf 80' lang='lat' dir='ltr'><strong>ejus</strong></span> <span class='ocrx_word' id='word_1_502' title='bbox 427 2286 601 2325; x_wconf 85' lang='lat' dir='ltr'><strong>sequaces.&#39;’</strong></span> <span class='ocrx_word' id='word_1_503' title='bbox 626 2286 731 2316; x_wconf 88' lang='lat' dir='ltr'><strong>Comm.</strong></span> <span class='ocrx_word' id='word_1_504' title='bbox 749 2286 799 2316; x_wconf 87' lang='lat' dir='ltr'><strong>Cr.</strong></span> <span class='ocrx_word' id='word_1_505' title='bbox 843 2285 1000 2322; x_wconf 77' lang='lat' dir='ltr'><strong>Quocirca,</strong></span> <span class='ocrx_word' id='word_1_506' title='bbox 1015 2290 1049 2317; x_wconf 88' lang='lat' dir='ltr'><strong>ut</strong></span> <span class='ocrx_word' id='word_1_507' title='bbox 1061 2284 1157 2320; x_wconf 75' lang='lat' dir='ltr'><strong>aiunt,</strong></span> <span class='ocrx_word' id='word_1_508' title='bbox 1170 2283 1368 2322; x_wconf 79' lang='lat' dir='ltr'><strong>Pythagoreis</strong></span> 
     </span>
    </p>
   </div>
  </div>
 </body>
</html>
