1390 2586
114 114 168 152 32
467 124 726 152 SATmARUM
754 124 840 152 ΜΒ.
863 126 912 153 11.
932 115 971 154 3.

118 222 212 263 Sive
233 237 397 277 operum
418 237 542 264 vacuo
561 230 697 279 gratus
717 224 882 265 conviva
901 239 973 278 per
991 224 1158 266 imbrem
1382 261 1390 279 V,

116 279 297 325 Vicinus,
319 279 422 319 bene
443 287 539 328 erat,
563 294 641 319 non
663 279 836 334 piscibus
857 281 954 321 urbe
975 281 1123 335 petitis,
1252 285 1328 323 120
1382 293 1390 316 =:

119 335 198 375 Sed
219 335 328 389 pullo
348 342 469 389 atque
491 335 623 376 haedo:
656 344 739 376 tum
761 336 923 390 pensilis
945 351 1022 378 uva
1039 337 1233 379 secundas
1388 335 1390 338 ’

118 390 173 431 Et
192 405 276 431 nux
296 391 461 431 ornabat
479 406 635 432 mensas
656 407 744 432 cum
765 391 923 446 duplice
944 392 1034 433 ficu.

118 447 216 487 Post
235 447 310 487 hoc
330 447 445 487 ludus
465 457 550 487 erat
569 447 685 502 culpa
706 454 842 502 potare
863 448 1077 503 magistra‘i3

116 505 181 543 Ac
201 511 388 543 venerata
410 503 545 552 Ceres,
568 503 623 543 ita
643 503 774 544 culmo
795 512 977 560 surgeret
995 505 1088 554 alto,
1126 507 1130 510 ⁴
1225 558 1229 562 .

118 558 326 613 Explicuit
347 559 440 599 vino
461 567 672 600 contractae
691 560 793 600 seria
814 560 966 601 frontis.
1254 564 1329 602 1¹25

118 615 265 655 Saeviat
284 623 405 669 atque
426 629 547 655 novos
567 624 724 657 moveat
746 616 924 656 Fortuna
943 616 1159 657 tumultus:

117 670 326 718 Quantum
347 671 439 711 hinc
459 671 700 712 imminuet?
730 680 879 727 quanto
893 679 963 713 aut
982 687 1059 728 ego
1078 672 1246 728 parcius,
1263 682 1332 715 aut
1389 685 1390 688 ’

226 741 308 775 vos,

116 782 156 822 O
177 783 303 836 pueri,
325 782 510 831 nituistis,
535 791 579 824 ut
598 783 675 823 huc
694 798 820 826 novus
840 784 969 825 incola
988 783 1128 826 venit?

116 839 221 878 Nam
242 839 412 893 propriae
433 839 585 880 telluris
606 839 745 880 herum
767 847 907 881 natura
925 855 1058 895 neque
1080 841 1205 890 illum,
1388 875 1390 879 .

115 894 204 934 Nec
225 910 301 943 me,
325 909 399 934 nec
419 909 660 950 quemquam
681 897 839 938 statuit:
863 911 934 937 nos
954 897 1110 950 expulit
1129 897 1220 943 ille;
1254 899 1331 938 130
1387 921 1390 926 <

115 950 234 990 Illum
255 959 324 991 aut
344 951 554 1005 nequities,
575 960 645 992 aut
664 952 762 992 vafri
783 952 938 993 inscitia
951 953 1066 1007 juris,

116 1006 324 1047 Postremo
345 1007 523 1060 expellet
543 1015 649 1049 certe
670 1008 842 1049 vivacior
863 1008 999 1050 haeres.

114 1063 235 1103 Nunc
254 1078 350 1118 ager
369 1063 564 1104 Umbreni
585 1065 658 1104 sub
679 1065 853 1114 nomine,
876 1079 1004 1119 nuper
1019 1064 1166 1107 Ofellae

114 1118 272 1167 Dictus,
296 1119 372 1159 erit
392 1119 491 1159 nulli
513 1121 707 1175 proprius,
728 1121 796 1161 sed
818 1121 933 1162 cedet
951 1121 994 1161 in
1015 1135 1130 1161 usum

112 1174 233 1215 Nunc
252 1175 361 1223 mihi,
385 1190 492 1216 nunc
510 1176 589 1216 alii.
651 1176 851 1224 Quocirca
871 1177 993 1218 vivite
1014 1177 1148 1226 fortes,
1253 1179 1330 1218 135

114 1230 332 1285 Fortiaque
352 1231 526 1273 adversis
547 1233 737 1288 opponite
759 1241 920 1287 pectora
938 1233 1070 1274 rebus.

594 1475 750 1502 SATIRA
781 1477 849 1503 ΙΙΙ.

113 1558 181 1599 Sic
199 1574 287 1600 raro
307 1559 458 1608 scribis,
482 1566 526 1600 ut
545 1566 628 1600 toto
648 1576 727 1602 non
750 1569 891 1615 quater
909 1576 1015 1603 anno

111 1615 391 1656 Membranam
413 1630 562 1669 poscas,
584 1617 819 1671 scriptorum
841 1619 1013 1672 quaeque'
1031 1619 1248 1669 retexens,

111 1671 241 1712 Iratus
263 1671 475 1726 tibi,'quod
499 1672 579 1712 vini
599 1673 808 1728 somnique
831 1674 1028 1728 benignus

98 1727 183 1779 ‘Nil
203 1727 368 1781 dignum
390 1742 571 1768 sermone
592 1744 719 1770 canas.
780 1729 892 1777 Quid
912 1730 1011 1771 fiet?
1070 1731 1136 1772 Ab
1155 1731 1252 1787 ipsis

112 1783 388 1824 Saturnalibus
410 1783 486 1824 huc
507 1784 669 1839 fugisti!
732 1786 896 1826 Sobrius
917 1801 1014 1841 ergo
1304 1791 1328 1828 5

109 1839 192 1879 Dic
212 1840 363 1894 aliquid
383 1839 550 1895 dignum
572 1841 794 1894 promissis:
826 1842 970 1896 incipe.
1030 1842 1102 1883 Nil
1122 1844 1208 1885 est!

111 1895 337 1948 Culpantur
357 1896 500 1937 frustra
520 1897 674 1946 calami,
696 1897 998 1953 immeritusque
1018 1898 1171 1940 laborat

109 1951 226 1992 Ira‘tis
248 1960 363 1992 natus
383 1952 513 2006 paries
535 1952 614 1993 Dis
633 1961 754 2008 atque
777 1955 916 2008 poetis.

110 2008 237 2062 Atqui
260 2008 393 2048 vultus
414 2015 499 2048 erat
520 2009 642 2050 multa
663 2018 703 2050 et
724 2010 910 2063 praeclara
930 2011 1131 2060 minantis,

112 2064 156 2103 si
177 2079 343 2104 vacuum
365 2065 500 2118 tepido
521 2065 691 2119 cepisset
711 2066 847 2107 villula
867 2074 984 2108 tecto.
1280 2071 1329 2109 10

110 2119 312 2166 Quorsum
336 2120 530 2173 pertinuit
547 2122 695 2176 stipare
720 2122 888 2163 Platona
909 2122 1168 2164 Menandro?

109 2175 299 2229 Eupolin‚
325 2177 622 2226 Archilochum,
646 2178 810 2218 comites
831 2179 1001 2220 educere
1022 2177 1183 2220 tantos?

108 2231 305 2272 Invidiam
327 2233 482 2286 placare
502 2248 615 2287 paras
636 2234 782 2275 virtute
803 2234 971 2276 relicta?

109 2287 395 2338 Contemnere,
417 2289 562 2330 miser:
595 2290 755 2332 vitanda
775 2299 835 2332 est
854 2290 1035 2346 improba
1056 2290 1186 2340 Siren,
