<?xml version="1.0" encoding="UTF-8"?>
<!DOCTYPE html PUBLIC "-//W3C//DTD XHTML 1.0 Transitional//EN"
    "http://www.w3.org/TR/xhtml1/DTD/xhtml1-transitional.dtd">
<html xmlns="http://www.w3.org/1999/xhtml" xml:lang="en" lang="en">
 <head>
  <title>
</title>
<meta http-equiv="Content-Type" content="text/html;charset=utf-8" />
  <meta name='ocr-system' content='tesseract 3.04.00' />
  <meta name='ocr-capabilities' content='ocr_page ocr_carea ocr_par ocr_line ocrx_word'/>
</head>
<body>
  <div class='ocr_page' id='page_1' title='image "./eclogaehoratiana02horauoft_0018.png"; bbox 0 0 1390 2586; ppageno 0'>
   <div class='ocr_carea' id='block_1_1' title="bbox 121 109 974 148">
    <p class='ocr_par' dir='ltr' id='par_1_1' title="bbox 121 109 974 148">
     <span class='ocr_line' id='line_1_1' title="bbox 121 109 974 148; baseline 0.001 -1"><span class='ocrx_word' id='word_1_1' title='bbox 121 109 169 147; x_wconf 88' lang='grc'>10</span> <span class='ocrx_word' id='word_1_2' title='bbox 487 120 744 148; x_wconf 79' lang='lat' dir='ltr'><strong>SATIRARUM</strong></span> <span class='ocrx_word' id='word_1_3' title='bbox 774 121 861 148; x_wconf 84' lang='lat' dir='ltr'><strong>LIB.</strong></span> <span class='ocrx_word' id='word_1_4' title='bbox 884 122 913 148; x_wconf 93' lang='lat'>1.</span> <span class='ocrx_word' id='word_1_5' title='bbox 935 111 974 148; x_wconf 87' lang='lat'>4.</span> 
     </span>
    </p>
   </div>
   <div class='ocr_carea' id='block_1_2' title="bbox 78 218 1337 1116">
    <p class='ocr_par' dir='ltr' id='par_1_2' title="bbox 120 218 1199 276">
     <span class='ocr_line' id='line_1_2' title="bbox 120 218 1199 276; baseline 0.005 -18"><span class='ocrx_word' id='word_1_6' title='bbox 120 218 203 266; x_wconf 86' lang='lat' dir='ltr'>Hic</span> <span class='ocrx_word' id='word_1_7' title='bbox 222 226 349 259; x_wconf 86' lang='lat' dir='ltr'>mutat</span> <span class='ocrx_word' id='word_1_8' title='bbox 368 233 519 259; x_wconf 84' lang='lat' dir='ltr'>merces</span> <span class='ocrx_word' id='word_1_9' title='bbox 539 226 729 274; x_wconf 84' lang='lat' dir='ltr'>surgente</span> <span class='ocrx_word' id='word_1_10' title='bbox 749 234 773 260; x_wconf 82' lang='lat' dir='ltr'>a</span> <span class='ocrx_word' id='word_1_11' title='bbox 793 219 875 260; x_wconf 89' lang='lat' dir='ltr'>sole</span> <span class='ocrx_word' id='word_1_12' title='bbox 895 220 943 261; x_wconf 87' lang='lat' dir='ltr'>ad</span> <span class='ocrx_word' id='word_1_13' title='bbox 964 235 1068 270; x_wconf 91' lang='lat' dir='ltr'>eum,</span> <span class='ocrx_word' id='word_1_14' title='bbox 1090 235 1170 276; x_wconf 92' lang='lat' dir='ltr'>quo</span> <span class='ocrx_word' id='word_1_15' title='bbox 1196 240 1199 241; x_wconf 45' lang='lat'><em>⁷</em></span> 
     </span>
    </p>

    <p class='ocr_par' dir='ltr' id='par_1_3' title="bbox 119 274 1185 333">
     <span class='ocr_line' id='line_1_3' title="bbox 119 274 1185 333; baseline 0.004 -19"><span class='ocrx_word' id='word_1_16' title='bbox 119 274 359 329; x_wconf 87' lang='lat' dir='ltr'>Vespertina</span> <span class='ocrx_word' id='word_1_17' title='bbox 381 284 491 329; x_wconf 88' lang='lat' dir='ltr'>tepet</span> <span class='ocrx_word' id='word_1_18' title='bbox 511 275 645 329; x_wconf 80' lang='lat' dir='ltr'>regio3</span> <span class='ocrx_word' id='word_1_19' title='bbox 676 275 771 329; x_wconf 88' lang='lat' dir='ltr'>quin</span> <span class='ocrx_word' id='word_1_20' title='bbox 794 291 866 330; x_wconf 90' lang='lat' dir='ltr'>per</span> <span class='ocrx_word' id='word_1_21' title='bbox 887 276 988 316; x_wconf 82' lang='lat' dir='ltr'>mala</span> <span class='ocrx_word' id='word_1_22' title='bbox 1007 291 1185 333; x_wconf 71' lang='lat' dir='ltr'>praeceps</span> 
     </span>
    </p>

    <p class='ocr_par' dir='ltr' id='par_1_4' title="bbox 121 331 1333 387">
     <span class='ocr_line' id='line_1_4' title="bbox 121 331 1333 387; baseline 0.003 -17"><span class='ocrx_word' id='word_1_23' title='bbox 121 331 277 378; x_wconf 83' lang='lat' dir='ltr'>Fertur,</span> <span class='ocrx_word' id='word_1_24' title='bbox 302 331 356 371; x_wconf 88' lang='lat' dir='ltr'>uti</span> <span class='ocrx_word' id='word_1_25' title='bbox 380 331 507 384; x_wconf 88' lang='lat' dir='ltr'>pulvis</span> <span class='ocrx_word' id='word_1_26' title='bbox 529 331 716 371; x_wconf 88' lang='lat' dir='ltr'>collectus</span> <span class='ocrx_word' id='word_1_27' title='bbox 737 333 908 381; x_wconf 84' lang='lat' dir='ltr'>turbine,</span> <span class='ocrx_word' id='word_1_28' title='bbox 931 347 982 373; x_wconf 88' lang='lat' dir='ltr'>ne</span> <span class='ocrx_word' id='word_1_29' title='bbox 1003 333 1100 387; x_wconf 87' lang='lat' dir='ltr'>quid</span> <span class='ocrx_word' id='word_1_30' title='bbox 1279 337 1333 374; x_wconf 85' lang='lat'>30</span> 
     </span>
    </p>

    <p class='ocr_par' dir='ltr' id='par_1_5' title="bbox 122 387 1180 442">
     <span class='ocr_line' id='line_1_5' title="bbox 122 387 1180 442; baseline 0.004 -16"><span class='ocrx_word' id='word_1_31' title='bbox 122 387 285 427; x_wconf 66' lang='lat' dir='ltr'>Summa</span> <span class='ocrx_word' id='word_1_32' title='bbox 307 387 510 441; x_wconf 78' lang='lat' dir='ltr'>deperdat,</span> <span class='ocrx_word' id='word_1_33' title='bbox 532 395 727 436; x_wconf 87' lang='lat' dir='ltr'>metuens,</span> <span class='ocrx_word' id='word_1_34' title='bbox 750 395 818 427; x_wconf 89' lang='lat' dir='ltr'>aut</span> <span class='ocrx_word' id='word_1_35' title='bbox 837 388 1002 442; x_wconf 86' lang='lat' dir='ltr'>ampliet</span> <span class='ocrx_word' id='word_1_36' title='bbox 1023 399 1066 430; x_wconf 86' lang='lat' dir='ltr'>ut</span> <span class='ocrx_word' id='word_1_37' title='bbox 1085 403 1180 430; x_wconf 86' lang='lat' dir='ltr'>rem.</span> 
     </span>
    </p>

    <p class='ocr_par' dir='ltr' id='par_1_6' title="bbox 121 442 1021 498">
     <span class='ocr_line' id='line_1_6' title="bbox 121 442 1021 498; baseline 0.001 -15"><span class='ocrx_word' id='word_1_38' title='bbox 121 442 276 483; x_wconf 86' lang='lat' dir='ltr'>Omnes</span> <span class='ocrx_word' id='word_1_39' title='bbox 298 443 336 482; x_wconf 80' lang='lat' dir='ltr'>hi</span> <span class='ocrx_word' id='word_1_40' title='bbox 359 451 542 483; x_wconf 89' lang='lat' dir='ltr'>metuunt</span> <span class='ocrx_word' id='word_1_41' title='bbox 561 458 710 489; x_wconf 89' lang='lat' dir='ltr'>versus,</span> <span class='ocrx_word' id='word_1_42' title='bbox 732 443 851 483; x_wconf 87' lang='lat' dir='ltr'>odere</span> <span class='ocrx_word' id='word_1_43' title='bbox 872 453 1021 498; x_wconf 85' lang='lat' dir='ltr'>poetas.</span> 
     </span>
    </p>

    <p class='ocr_par' dir='ltr' id='par_1_7' title="bbox 122 499 1315 555">
     <span class='ocr_line' id='line_1_7' title="bbox 122 499 1315 555; baseline 0.003 -17"><span class='ocrx_word' id='word_1_44' title='bbox 122 499 287 539; x_wconf 81' lang='lat' dir='ltr'>Faenum</span> <span class='ocrx_word' id='word_1_45' title='bbox 311 499 429 539; x_wconf 83' lang='lat' dir='ltr'>habet</span> <span class='ocrx_word' id='word_1_46' title='bbox 449 500 487 538; x_wconf 91' lang='lat' dir='ltr'>in</span> <span class='ocrx_word' id='word_1_47' title='bbox 510 514 644 547; x_wconf 90' lang='lat' dir='ltr'>cornu,</span> <span class='ocrx_word' id='word_1_48' title='bbox 673 499 790 554; x_wconf 85' lang='lat' dir='ltr'>longe</span> <span class='ocrx_word' id='word_1_49' title='bbox 811 500 928 555; x_wconf 86' lang='lat' dir='ltr'>fuge:</span> <span class='ocrx_word' id='word_1_50' title='bbox 961 500 1174 541; x_wconf 84' lang='lat' dir='ltr'>dummodo</span> <span class='ocrx_word' id='word_1_51' title='bbox 1193 500 1315 542; x_wconf 89' lang='lat' dir='ltr'>risum</span> 
     </span>
    </p>

    <p class='ocr_par' dir='ltr' id='par_1_8' title="bbox 124 554 1142 610">
     <span class='ocr_line' id='line_1_8' title="bbox 124 554 1142 610; baseline 0.002 -16"><span class='ocrx_word' id='word_1_52' title='bbox 124 554 314 595; x_wconf 80' lang='lat' dir='ltr'>Excutiat</span> <span class='ocrx_word' id='word_1_53' title='bbox 334 555 420 602; x_wconf 81' lang='lat' dir='ltr'>sibi,</span> <span class='ocrx_word' id='word_1_54' title='bbox 444 570 523 594; x_wconf 83' lang='lat' dir='ltr'>non</span> <span class='ocrx_word' id='word_1_55' title='bbox 546 555 608 594; x_wconf 84' lang='lat' dir='ltr'>hic</span> <span class='ocrx_word' id='word_1_56' title='bbox 630 555 814 610; x_wconf 88' lang='lat' dir='ltr'>cuiquam</span> <span class='ocrx_word' id='word_1_57' title='bbox 836 564 973 610; x_wconf 81' lang='lat' dir='ltr'>parcet</span> <span class='ocrx_word' id='word_1_58' title='bbox 991 557 1142 604; x_wconf 87' lang='lat' dir='ltr'>amico;</span> 
     </span>
    </p>

    <p class='ocr_par' dir='ltr' id='par_1_9' title="bbox 122 610 1334 665">
     <span class='ocr_line' id='line_1_9' title="bbox 122 610 1334 665; baseline 0.002 -15"><span class='ocrx_word' id='word_1_59' title='bbox 122 610 177 650; x_wconf 81' lang='lat' dir='ltr'>Et</span> <span class='ocrx_word' id='word_1_60' title='bbox 195 611 461 665; x_wconf 87' lang='lat' dir='ltr'>quodcunque</span> <span class='ocrx_word' id='word_1_61' title='bbox 482 611 605 650; x_wconf 85' lang='lat' dir='ltr'>semel</span> <span class='ocrx_word' id='word_1_62' title='bbox 626 611 770 652; x_wconf 84' lang='lat' dir='ltr'>chartis</span> <span class='ocrx_word' id='word_1_63' title='bbox 790 611 973 661; x_wconf 86' lang='lat' dir='ltr'>illeverit,</span> <span class='ocrx_word' id='word_1_64' title='bbox 995 627 1133 653; x_wconf 89' lang='lat' dir='ltr'>omnes</span> <span class='ocrx_word' id='word_1_65' title='bbox 1281 616 1334 654; x_wconf 84' lang='lat'>35</span> 
     </span>
    </p>

    <p class='ocr_par' dir='ltr' id='par_1_10' title="bbox 102 667 1016 722">
     <span class='ocr_line' id='line_1_10' title="bbox 102 667 1016 722; baseline 0.001 -16"><span class='ocrx_word' id='word_1_66' title='bbox 102 714 105 720; x_wconf 21' lang='grc' dir='ltr'><strong>Α</strong></span> <span class='ocrx_word' id='word_1_67' title='bbox 123 667 283 707; x_wconf 85' lang='lat' dir='ltr'>Gestiet</span> <span class='ocrx_word' id='word_1_68' title='bbox 302 682 325 707; x_wconf 92' lang='lat' dir='ltr'>a</span> <span class='ocrx_word' id='word_1_69' title='bbox 345 668 460 706; x_wconf 90' lang='lat' dir='ltr'>furno</span> <span class='ocrx_word' id='word_1_70' title='bbox 481 668 693 708; x_wconf 86' lang='lat' dir='ltr'>redeuntes</span> <span class='ocrx_word' id='word_1_71' title='bbox 713 668 812 707; x_wconf 85' lang='lat' dir='ltr'>scire</span> <span class='ocrx_word' id='word_1_72' title='bbox 834 668 1016 722; x_wconf 86' lang='lat' dir='ltr'>lacuque,</span> 
     </span>
    </p>

    <p class='ocr_par' dir='ltr' id='par_1_11' title="bbox 123 722 1267 778">
     <span class='ocr_line' id='line_1_11' title="bbox 123 722 1267 778; baseline 0.003 -16"><span class='ocrx_word' id='word_1_73' title='bbox 123 722 178 763; x_wconf 86' lang='lat' dir='ltr'>Et</span> <span class='ocrx_word' id='word_1_74' title='bbox 198 737 341 776; x_wconf 87' lang='lat' dir='ltr'>pueros</span> <span class='ocrx_word' id='word_1_75' title='bbox 362 731 402 763; x_wconf 89' lang='lat' dir='ltr'>et</span> <span class='ocrx_word' id='word_1_76' title='bbox 420 738 530 763; x_wconf 88' lang='lat' dir='ltr'>anus.</span> <span class='ocrx_word' id='word_1_77' title='bbox 592 724 794 778; x_wconf 81' lang='lat' dir='ltr'>Agedum,</span> <span class='ocrx_word' id='word_1_78' title='bbox 818 738 943 778; x_wconf 85' lang='lat' dir='ltr'>pauca</span> <span class='ocrx_word' id='word_1_79' title='bbox 962 723 1098 778; x_wconf 81' lang='lat' dir='ltr'>accipe</span> <span class='ocrx_word' id='word_1_80' title='bbox 1119 732 1267 766; x_wconf 85' lang='lat' dir='ltr'>contra.</span> 
     </span>
    </p>

    <p class='ocr_par' dir='ltr' id='par_1_12' title="bbox 124 778 1310 836">
     <span class='ocr_line' id='line_1_12' title="bbox 124 778 1310 836; baseline 0.004 -19"><span class='ocrx_word' id='word_1_81' title='bbox 124 778 302 818; x_wconf 90' lang='lat' dir='ltr'>Primum</span> <span class='ocrx_word' id='word_1_82' title='bbox 326 793 401 834; x_wconf 85' lang='lat' dir='ltr'>ego</span> <span class='ocrx_word' id='word_1_83' title='bbox 422 794 486 818; x_wconf 90' lang='lat' dir='ltr'>me</span> <span class='ocrx_word' id='word_1_84' title='bbox 508 779 876 828; x_wconf 73' lang='lat' dir='ltr'>illorum„dederim</span> <span class='ocrx_word' id='word_1_85' title='bbox 898 780 1044 834; x_wconf 90' lang='lat' dir='ltr'>quibus</span> <span class='ocrx_word' id='word_1_86' title='bbox 1064 794 1149 821; x_wconf 86' lang='lat' dir='ltr'>esse</span> <span class='ocrx_word' id='word_1_87' title='bbox 1170 781 1310 836; x_wconf 86' lang='lat' dir='ltr'>poetis,</span> 
     </span>
    </p>

    <p class='ocr_par' dir='ltr' id='par_1_13' title="bbox 125 834 1264 890">
     <span class='ocr_line' id='line_1_13' title="bbox 125 834 1264 890; baseline 0.002 -16"><span class='ocrx_word' id='word_1_88' title='bbox 125 834 349 888; x_wconf 87' lang='lat' dir='ltr'>Excerpam</span> <span class='ocrx_word' id='word_1_89' title='bbox 367 850 533 875; x_wconf 85' lang='lat' dir='ltr'>numero</span> <span class='ocrx_word' id='word_1_90' title='bbox 549 851 557 874; x_wconf 94' lang='lat'><strong>:</strong></span> <span class='ocrx_word' id='word_1_91' title='bbox 581 850 713 890; x_wconf 85' lang='lat' dir='ltr'>neque</span> <span class='ocrx_word' id='word_1_92' title='bbox 730 836 837 876; x_wconf 85' lang='lat' dir='ltr'>enim</span> <span class='ocrx_word' id='word_1_93' title='bbox 853 836 1090 876; x_wconf 86' lang='lat' dir='ltr'>concludere</span> <span class='ocrx_word' id='word_1_94' title='bbox 1106 851 1264 877; x_wconf 89' lang='lat' dir='ltr'>versum</span> 
     </span>
    </p>

    <p class='ocr_par' dir='ltr' id='par_1_14' title="bbox 78 890 1337 1002">
     <span class='ocr_line' id='line_1_14' title="bbox 78 890 1337 946; baseline 0.003 -16"><span class='ocrx_word' id='word_1_95' title='bbox 78 900 80 903; x_wconf 81' lang='grc'><strong>“</strong></span> <span class='ocrx_word' id='word_1_96' title='bbox 123 890 289 931; x_wconf 86' lang='lat' dir='ltr'>Dixeris</span> <span class='ocrx_word' id='word_1_97' title='bbox 310 905 395 930; x_wconf 89' lang='lat' dir='ltr'>esse</span> <span class='ocrx_word' id='word_1_98' title='bbox 415 892 531 938; x_wconf 86' lang='lat' dir='ltr'>satis;</span> <span class='ocrx_word' id='word_1_99' title='bbox 563 906 707 946; x_wconf 91' lang='lat' dir='ltr'>neque,</span> <span class='ocrx_word' id='word_1_100' title='bbox 729 892 761 932; x_wconf 94' lang='lat' dir='ltr'>si</span> <span class='ocrx_word' id='word_1_101' title='bbox 783 892 872 946; x_wconf 90' lang='lat' dir='ltr'>quis</span> <span class='ocrx_word' id='word_1_102' title='bbox 891 892 1049 941; x_wconf 88' lang='lat' dir='ltr'>scribat,</span> <span class='ocrx_word' id='word_1_103' title='bbox 1073 892 1128 933; x_wconf 87' lang='lat' dir='ltr'>uti</span> <span class='ocrx_word' id='word_1_104' title='bbox 1150 907 1235 942; x_wconf 90' lang='lat' dir='ltr'>nos,</span> <span class='ocrx_word' id='word_1_105' title='bbox 1284 897 1337 934; x_wconf 88' lang='grc'>40</span> 
     </span>
     <span class='ocr_line' id='line_1_15' title="bbox 125 946 1222 1002; baseline 0.003 -16"><span class='ocrx_word' id='word_1_106' title='bbox 125 946 308 987; x_wconf 78' lang='lat' dir='ltr'>Sermoni</span> <span class='ocrx_word' id='word_1_107' title='bbox 330 947 523 1002; x_wconf 87' lang='lat' dir='ltr'>propiora,</span> <span class='ocrx_word' id='word_1_108' title='bbox 547 958 662 1001; x_wconf 86' lang='lat' dir='ltr'>putes</span> <span class='ocrx_word' id='word_1_109' title='bbox 683 948 789 988; x_wconf 89' lang='lat' dir='ltr'>hunc</span> <span class='ocrx_word' id='word_1_110' title='bbox 809 963 895 989; x_wconf 87' lang='lat' dir='ltr'>esse</span> <span class='ocrx_word' id='word_1_111' title='bbox 916 957 1087 1002; x_wconf 88' lang='lat' dir='ltr'>poetam.</span> <span class='ocrx_word' id='word_1_112' title='bbox 1217 955 1222 958; x_wconf 80' lang='grc'><em>”</em></span> 
     </span>
    </p>

    <p class='ocr_par' dir='ltr' id='par_1_15' title="bbox 124 1002 1138 1059">
     <span class='ocr_line' id='line_1_16' title="bbox 124 1002 1138 1059; baseline 0.003 -18"><span class='ocrx_word' id='word_1_113' title='bbox 124 1002 339 1058; x_wconf 84' lang='lat' dir='ltr'>Ingenium</span> <span class='ocrx_word' id='word_1_114' title='bbox 362 1003 425 1043; x_wconf 87' lang='lat' dir='ltr'>cui</span> <span class='ocrx_word' id='word_1_115' title='bbox 446 1003 508 1051; x_wconf 81' lang='lat' dir='ltr'>sit,</span> <span class='ocrx_word' id='word_1_116' title='bbox 532 1004 595 1044; x_wconf 83' lang='lat' dir='ltr'>cui</span> <span class='ocrx_word' id='word_1_117' title='bbox 616 1019 729 1045; x_wconf 91' lang='lat' dir='ltr'>mens</span> <span class='ocrx_word' id='word_1_118' title='bbox 749 1004 931 1054; x_wconf 89' lang='lat' dir='ltr'>divinior,</span> <span class='ocrx_word' id='word_1_119' title='bbox 953 1012 1074 1059; x_wconf 90' lang='lat' dir='ltr'>atque</span> <span class='ocrx_word' id='word_1_120' title='bbox 1095 1019 1138 1044; x_wconf 87' lang='lat' dir='ltr'>os</span> 
     </span>
    </p>

    <p class='ocr_par' dir='ltr' id='par_1_16' title="bbox 124 1058 1189 1116">
     <span class='ocr_line' id='line_1_17' title="bbox 124 1058 1189 1116; baseline 0.002 -18"><span class='ocrx_word' id='word_1_121' title='bbox 124 1058 280 1114; x_wconf 80' lang='lat' dir='ltr'>Magna</span> <span class='ocrx_word' id='word_1_122' title='bbox 299 1067 542 1109; x_wconf 84' lang='lat' dir='ltr'>sonaturum,</span> <span class='ocrx_word' id='word_1_123' title='bbox 565 1060 634 1100; x_wconf 88' lang='lat' dir='ltr'>des</span> <span class='ocrx_word' id='word_1_124' title='bbox 655 1060 827 1101; x_wconf 86' lang='lat' dir='ltr'>nominis</span> <span class='ocrx_word' id='word_1_125' title='bbox 846 1060 965 1116; x_wconf 89' lang='lat' dir='ltr'>hujus</span> <span class='ocrx_word' id='word_1_126' title='bbox 986 1060 1189 1102; x_wconf 88' lang='lat' dir='ltr'>honorem.</span> 
     </span>
    </p>
   </div>
   <div class='ocr_carea' id='block_1_3' title="bbox 123 1344 1342 1575">
    <p class='ocr_par' dir='ltr' id='par_1_17' title="bbox 126 1344 1035 1405">
     <span class='ocr_line' id='line_1_18' title="bbox 126 1344 1035 1405; baseline 0.008 -21"><span class='ocrx_word' id='word_1_127' title='bbox 126 1344 279 1386; x_wconf 89' lang='lat' dir='ltr'>Idcirco</span> <span class='ocrx_word' id='word_1_128' title='bbox 300 1347 475 1400; x_wconf 80' lang='lat' dir='ltr'>quidam,</span> <span class='ocrx_word' id='word_1_129' title='bbox 498 1349 704 1399; x_wconf 85' lang='lat' dir='ltr'>comoedia,</span> <span class='ocrx_word' id='word_1_130' title='bbox 729 1364 868 1398; x_wconf 87' lang='lat' dir='ltr'>necne,</span> <span class='ocrx_word' id='word_1_131' title='bbox 891 1364 1035 1405; x_wconf 86' lang='lat' dir='ltr'>poema</span> 
     </span>
    </p>

    <p class='ocr_par' dir='ltr' id='par_1_18' title="bbox 123 1400 1342 1575">
     <span class='ocr_line' id='line_1_19' title="bbox 126 1400 1340 1460; baseline 0.006 -19"><span class='ocrx_word' id='word_1_132' title='bbox 126 1400 255 1450; x_wconf 84' lang='lat' dir='ltr'>Esset,</span> <span class='ocrx_word' id='word_1_133' title='bbox 279 1403 498 1456; x_wconf 81' lang='lat' dir='ltr'>quaesivere</span> <span class='ocrx_word' id='word_1_134' title='bbox 514 1420 523 1452; x_wconf 93' lang='grc'><strong>;</strong></span> <span class='ocrx_word' id='word_1_135' title='bbox 555 1405 661 1459; x_wconf 89' lang='lat' dir='ltr'>quod</span> <span class='ocrx_word' id='word_1_136' title='bbox 681 1421 772 1446; x_wconf 87' lang='lat' dir='ltr'>acer</span> <span class='ocrx_word' id='word_1_137' title='bbox 792 1406 954 1460; x_wconf 87' lang='lat' dir='ltr'>spiritus</span> <span class='ocrx_word' id='word_1_138' title='bbox 973 1405 1098 1447; x_wconf 67' lang='lat' dir='ltr'>ac‘¹&#39;vis</span> <span class='ocrx_word' id='word_1_139' title='bbox 1287 1411 1340 1448; x_wconf 86' lang='grc'>45</span> 
     </span>
     <span class='ocr_line' id='line_1_20' title="bbox 123 1456 1247 1518; baseline 0.006 -21"><span class='ocrx_word' id='word_1_140' title='bbox 123 1456 214 1497; x_wconf 90' lang='lat' dir='ltr'>Nec</span> <span class='ocrx_word' id='word_1_141' title='bbox 234 1459 376 1508; x_wconf 72' lang='lat' dir='ltr'>verbis,</span> <span class='ocrx_word' id='word_1_142' title='bbox 400 1475 474 1500; x_wconf 91' lang='lat' dir='ltr'>nec</span> <span class='ocrx_word' id='word_1_143' title='bbox 494 1461 612 1501; x_wconf 88' lang='lat' dir='ltr'>rebus</span> <span class='ocrx_word' id='word_1_144' title='bbox 631 1461 759 1508; x_wconf 88' lang='lat' dir='ltr'>inest;</span> <span class='ocrx_word' id='word_1_145' title='bbox 791 1462 867 1502; x_wconf 88' lang='lat' dir='ltr'>nisi</span> <span class='ocrx_word' id='word_1_146' title='bbox 888 1463 994 1517; x_wconf 92' lang='lat' dir='ltr'>quod</span> <span class='ocrx_word' id='word_1_147' title='bbox 1015 1462 1117 1518; x_wconf 86' lang='lat' dir='ltr'>pede</span> <span class='ocrx_word' id='word_1_148' title='bbox 1139 1470 1247 1504; x_wconf 86' lang='lat' dir='ltr'>certo</span> 
     </span>
     <span class='ocr_line' id='line_1_21' title="bbox 124 1513 1342 1575; baseline 0.007 -22"><span class='ocrx_word' id='word_1_149' title='bbox 124 1513 275 1554; x_wconf 80' lang='lat' dir='ltr'>Differt</span> <span class='ocrx_word' id='word_1_150' title='bbox 319 1516 504 1566; x_wconf 87' lang='lat' dir='ltr'>sermoni,</span> <span class='ocrx_word' id='word_1_151' title='bbox 551 1531 681 1558; x_wconf 90' lang='lat' dir='ltr'>sermo</span> <span class='ocrx_word' id='word_1_152' title='bbox 728 1533 872 1558; x_wconf 90' lang='lat' dir='ltr'>merus.</span> <span class='ocrx_word' id='word_1_153' title='bbox 995 1519 1084 1568; x_wconf 83' lang='lat' dir='ltr'>His,</span> <span class='ocrx_word' id='word_1_154' title='bbox 1131 1534 1208 1575; x_wconf 84' lang='lat' dir='ltr'>ego</span> <span class='ocrx_word' id='word_1_155' title='bbox 1251 1535 1342 1575; x_wconf 85' lang='lat' dir='ltr'>quae</span> 
     </span>
    </p>
   </div>
   <div class='ocr_carea' id='block_1_4' title="bbox 874 1543 984 1549">
    <p class='ocr_par' dir='ltr' id='par_1_19' title="bbox 874 1543 984 1549">
     <span class='ocr_line' id='line_1_22' title="bbox 874 1543 984 1549; baseline 0 0"><span class='ocrx_word' id='word_1_156' title='bbox 874 1543 984 1549; x_wconf 95' lang='lat' dir='ltr'> </span> 
     </span>
    </p>
   </div>
   <div class='ocr_carea' id='block_1_5' title="bbox 89 1585 1342 2304">
    <p class='ocr_par' dir='ltr' id='par_1_20' title="bbox 226 1585 344 1620">
     <span class='ocr_line' id='line_1_23' title="bbox 226 1585 344 1620; baseline 0.008 -11"><span class='ocrx_word' id='word_1_157' title='bbox 226 1585 344 1620; x_wconf 88' lang='lat' dir='ltr'>nunc,</span> 
     </span>
    </p>

    <p class='ocr_par' dir='ltr' id='par_1_21' title="bbox 89 1625 955 1684">
     <span class='ocr_line' id='line_1_24' title="bbox 89 1625 955 1684; baseline 0.006 -19"><span class='ocrx_word' id='word_1_158' title='bbox 89 1641 98 1649; x_wconf 65' lang='lat'><strong>⁴</strong></span> <span class='ocrx_word' id='word_1_159' title='bbox 123 1625 235 1666; x_wconf 86' lang='lat' dir='ltr'>Olim</span> <span class='ocrx_word' id='word_1_160' title='bbox 257 1641 346 1680; x_wconf 84' lang='lat' dir='ltr'>quae</span> <span class='ocrx_word' id='word_1_161' title='bbox 366 1627 523 1682; x_wconf 85' lang='lat' dir='ltr'>scripsit</span> <span class='ocrx_word' id='word_1_162' title='bbox 543 1628 736 1679; x_wconf 86' lang='lat' dir='ltr'>Lucilius,</span> <span class='ocrx_word' id='word_1_163' title='bbox 760 1629 902 1684; x_wconf 83' lang='lat' dir='ltr'>eripias</span> <span class='ocrx_word' id='word_1_164' title='bbox 922 1630 955 1671; x_wconf 87' lang='lat' dir='ltr'>si</span> 
     </span>
    </p>

    <p class='ocr_par' dir='ltr' id='par_1_22' title="bbox 120 1681 1342 1788">
     <span class='ocr_line' id='line_1_25' title="bbox 124 1681 1342 1742; baseline 0.006 -21"><span class='ocrx_word' id='word_1_165' title='bbox 124 1681 328 1736; x_wconf 86' lang='lat' dir='ltr'>Tempora</span> <span class='ocrx_word' id='word_1_166' title='bbox 347 1692 465 1733; x_wconf 86' lang='lat' dir='ltr'>certa,</span> <span class='ocrx_word' id='word_1_167' title='bbox 488 1685 718 1740; x_wconf 90' lang='lat' dir='ltr'>modosque,</span> <span class='ocrx_word' id='word_1_168' title='bbox 742 1693 783 1726; x_wconf 89' lang='lat' dir='ltr'>et</span> <span class='ocrx_word' id='word_1_169' title='bbox 812 1686 919 1741; x_wconf 90' lang='lat' dir='ltr'>quod</span> <span class='ocrx_word' id='word_1_170' title='bbox 952 1685 1062 1742; x_wconf 88' lang='lat' dir='ltr'>prius</span> <span class='ocrx_word' id='word_1_171' title='bbox 1093 1686 1232 1728; x_wconf 89' lang='lat' dir='ltr'>ordine</span> <span class='ocrx_word' id='word_1_172' title='bbox 1254 1702 1342 1728; x_wconf 87' lang='lat' dir='ltr'>ver-</span> 
     </span>
     <span class='ocr_line' id='line_1_26' title="bbox 120 1738 420 1788; baseline 0.01 -11"><span class='ocrx_word' id='word_1_173' title='bbox 120 1738 125 1742; x_wconf 78' lang='grc'><strong>”</strong></span> <span class='ocrx_word' id='word_1_174' title='bbox 234 1738 326 1778; x_wconf 90' lang='lat' dir='ltr'>bum</span> <span class='ocrx_word' id='word_1_175' title='bbox 348 1748 420 1788; x_wconf 82' lang='lat' dir='ltr'>est,</span> 
     </span>
    </p>

    <p class='ocr_par' dir='ltr' id='par_1_23' title="bbox 127 1793 1341 1908">
     <span class='ocr_line' id='line_1_27' title="bbox 128 1793 1341 1853; baseline 0.005 -19"><span class='ocrx_word' id='word_1_176' title='bbox 128 1793 334 1836; x_wconf 85' lang='lat' dir='ltr'>Posterius</span> <span class='ocrx_word' id='word_1_177' title='bbox 353 1796 483 1845; x_wconf 80' lang='lat' dir='ltr'>facias,</span> <span class='ocrx_word' id='word_1_178' title='bbox 507 1811 744 1851; x_wconf 81' lang='lat' dir='ltr'>praeponens</span> <span class='ocrx_word' id='word_1_179' title='bbox 764 1797 903 1839; x_wconf 89' lang='lat' dir='ltr'>ultima</span> <span class='ocrx_word' id='word_1_180' title='bbox 922 1798 1082 1853; x_wconf 82' lang='lat' dir='ltr'>primis3</span> <span class='ocrx_word' id='word_1_181' title='bbox 1288 1803 1341 1840; x_wconf 88' lang='grc'>50</span> 
     </span>
     <span class='ocr_line' id='line_1_28' title="bbox 127 1849 1120 1908; baseline 0.005 -18"><span class='ocrx_word' id='word_1_182' title='bbox 127 1849 234 1899; x_wconf 84' lang='grc' dir='ltr'><strong>Νοη,</strong></span> <span class='ocrx_word' id='word_1_183' title='bbox 258 1859 302 1891; x_wconf 88' lang='lat' dir='ltr'>ut</span> <span class='ocrx_word' id='word_1_184' title='bbox 321 1851 351 1891; x_wconf 92' lang='lat' dir='ltr'>si</span> <span class='ocrx_word' id='word_1_185' title='bbox 373 1852 512 1901; x_wconf 89' lang='lat' dir='ltr'>solvas,</span> <span class='ocrx_word' id='word_1_186' title='bbox 537 1859 562 1878; x_wconf 89' lang='lat'><strong>“</strong></span> <span class='ocrx_word' id='word_1_187' title='bbox 575 1855 787 1908; x_wconf 79' lang='lat' dir='ltr'>Postquam</span> <span class='ocrx_word' id='word_1_188' title='bbox 807 1856 1002 1895; x_wconf 82' lang='lat' dir='ltr'>discordia</span> <span class='ocrx_word' id='word_1_189' title='bbox 1022 1862 1120 1896; x_wconf 84' lang='lat' dir='ltr'>tetra</span> 
     </span>
    </p>

    <p class='ocr_par' dir='ltr' id='par_1_24' title="bbox 128 1907 1020 1966">
     <span class='ocr_line' id='line_1_29' title="bbox 128 1907 1020 1966; baseline 0.007 -21"><span class='ocrx_word' id='word_1_190' title='bbox 128 1907 234 1946; x_wconf 77' lang='lat' dir='ltr'>Belli</span> <span class='ocrx_word' id='word_1_191' title='bbox 239 1908 416 1961; x_wconf 80' lang='lat' dir='ltr'>ferratos</span> <span class='ocrx_word' id='word_1_192' title='bbox 429 1916 555 1962; x_wconf 78' lang='lat' dir='ltr'>postes</span> <span class='ocrx_word' id='word_1_193' title='bbox 567 1917 777 1965; x_wconf 80' lang='lat' dir='ltr'>portasque</span> <span class='ocrx_word' id='word_1_194' title='bbox 796 1911 957 1966; x_wconf 63' lang='lat' dir='ltr'>rqfreqit</span> <span class='ocrx_word' id='word_1_195' title='bbox 968 1926 984 1958; x_wconf 90' lang='lat'><em>;</em></span> <span class='ocrx_word' id='word_1_196' title='bbox 998 1912 1020 1930; x_wconf 90' lang='lat'>’&#39;</span> 
     </span>
    </p>

    <p class='ocr_par' dir='ltr' id='par_1_25' title="bbox 129 1963 988 2021">
     <span class='ocr_line' id='line_1_30' title="bbox 129 1963 988 2021; baseline 0.006 -19"><span class='ocrx_word' id='word_1_197' title='bbox 129 1963 314 2004; x_wconf 85' lang='lat' dir='ltr'>Invenias</span> <span class='ocrx_word' id='word_1_198' title='bbox 335 1963 452 2004; x_wconf 86' lang='lat' dir='ltr'>etiam</span> <span class='ocrx_word' id='word_1_199' title='bbox 475 1964 630 2019; x_wconf 85' lang='lat' dir='ltr'>disjecti</span> <span class='ocrx_word' id='word_1_200' title='bbox 651 1967 828 2007; x_wconf 88' lang='lat' dir='ltr'>membra</span> <span class='ocrx_word' id='word_1_201' title='bbox 847 1970 988 2021; x_wconf 74' lang='lat' dir='ltr'>poetae.</span> 
     </span>
    </p>

    <p class='ocr_par' dir='ltr' id='par_1_26' title="bbox 129 2018 1342 2304">
     <span class='ocr_line' id='line_1_31' title="bbox 131 2018 1212 2078; baseline 0.006 -20"><span class='ocrx_word' id='word_1_202' title='bbox 131 2018 340 2060; x_wconf 83' lang='lat' dir='ltr'>Hactenus</span> <span class='ocrx_word' id='word_1_203' title='bbox 360 2019 468 2060; x_wconf 87' lang='lat' dir='ltr'>haec:</span> <span class='ocrx_word' id='word_1_204' title='bbox 500 2021 607 2069; x_wconf 83' lang='lat' dir='ltr'>alias,</span> <span class='ocrx_word' id='word_1_205' title='bbox 624 2023 777 2076; x_wconf 87' lang='lat' dir='ltr'>justum</span> <span class='ocrx_word' id='word_1_206' title='bbox 799 2023 863 2072; x_wconf 90' lang='lat' dir='ltr'>sit,</span> <span class='ocrx_word' id='word_1_207' title='bbox 885 2037 1025 2072; x_wconf 87' lang='lat' dir='ltr'>necne,</span> <span class='ocrx_word' id='word_1_208' title='bbox 1048 2038 1212 2078; x_wconf 82' lang='lat' dir='ltr'>poema3</span> 
     </span>
     <span class='ocr_line' id='line_1_32' title="bbox 129 2074 1342 2132; baseline 0.007 -18"><span class='ocrx_word' id='word_1_209' title='bbox 129 2074 250 2115; x_wconf 87' lang='lat' dir='ltr'>Nunc</span> <span class='ocrx_word' id='word_1_210' title='bbox 270 2075 366 2115; x_wconf 89' lang='lat' dir='ltr'>illud</span> <span class='ocrx_word' id='word_1_211' title='bbox 388 2084 539 2116; x_wconf 87' lang='lat' dir='ltr'>tantum</span> <span class='ocrx_word' id='word_1_212' title='bbox 563 2092 750 2132; x_wconf 86' lang='lat' dir='ltr'>quaeram,</span> <span class='ocrx_word' id='word_1_213' title='bbox 773 2079 968 2120; x_wconf 84' lang='lat' dir='ltr'>meritone</span> <span class='ocrx_word' id='word_1_214' title='bbox 989 2079 1059 2120; x_wconf 89' lang='lat' dir='ltr'>tibi</span> <span class='ocrx_word' id='word_1_215' title='bbox 1080 2081 1132 2121; x_wconf 88' lang='lat' dir='ltr'>sit</span> <span class='ocrx_word' id='word_1_216' title='bbox 1289 2084 1342 2121; x_wconf 84' lang='lat'>55</span> 
     </span>
     <span class='ocr_line' id='line_1_33' title="bbox 130 2131 1173 2187; baseline 0.006 -16"><span class='ocrx_word' id='word_1_217' title='bbox 130 2131 367 2184; x_wconf 86' lang='lat' dir='ltr'>Suspectum</span> <span class='ocrx_word' id='word_1_218' title='bbox 389 2148 518 2187; x_wconf 87' lang='lat' dir='ltr'>genus</span> <span class='ocrx_word' id='word_1_219' title='bbox 539 2133 612 2174; x_wconf 90' lang='lat' dir='ltr'>hoc</span> <span class='ocrx_word' id='word_1_220' title='bbox 631 2134 842 2175; x_wconf 87' lang='lat' dir='ltr'>scribendi.</span> <span class='ocrx_word' id='word_1_221' title='bbox 906 2135 1064 2176; x_wconf 85' lang='lat' dir='ltr'>Sulcius</span> <span class='ocrx_word' id='word_1_222' title='bbox 1082 2151 1173 2177; x_wconf 87' lang='lat' dir='ltr'>acer</span> 
     </span>
     <span class='ocr_line' id='line_1_34' title="bbox 130 2187 1240 2247; baseline 0.008 -22"><span class='ocrx_word' id='word_1_223' title='bbox 130 2187 324 2228; x_wconf 85' lang='lat' dir='ltr'>Ambulat</span> <span class='ocrx_word' id='word_1_224' title='bbox 344 2196 383 2228; x_wconf 87' lang='lat' dir='ltr'>et</span> <span class='ocrx_word' id='word_1_225' title='bbox 407 2189 588 2244; x_wconf 85' lang='lat' dir='ltr'>Caprius,</span> <span class='ocrx_word' id='word_1_226' title='bbox 610 2190 718 2231; x_wconf 80' lang='lat' dir='ltr'>rauci</span> <span class='ocrx_word' id='word_1_227' title='bbox 740 2191 854 2240; x_wconf 86' lang='lat' dir='ltr'>male,</span> <span class='ocrx_word' id='word_1_228' title='bbox 878 2206 1049 2247; x_wconf 88' lang='lat' dir='ltr'>cumque</span> <span class='ocrx_word' id='word_1_229' title='bbox 1068 2192 1240 2241; x_wconf 83' lang='lat' dir='ltr'>libellis3</span> 
     </span>
     <span class='ocr_line' id='line_1_35' title="bbox 130 2243 1251 2304; baseline 0.007 -22"><span class='ocrx_word' id='word_1_230' title='bbox 130 2243 310 2298; x_wconf 86' lang='lat' dir='ltr'>Magnus</span> <span class='ocrx_word' id='word_1_231' title='bbox 332 2250 499 2300; x_wconf 77' lang='lat' dir='ltr'>uterque</span> <span class='ocrx_word' id='word_1_232' title='bbox 521 2246 637 2287; x_wconf 89' lang='lat' dir='ltr'>timor</span> <span class='ocrx_word' id='word_1_233' title='bbox 657 2247 875 2289; x_wconf 83' lang='lat' dir='ltr'>latronibus</span> <span class='ocrx_word' id='word_1_234' title='bbox 884 2263 894 2296; x_wconf 91' lang='lat'>;</span> <span class='ocrx_word' id='word_1_235' title='bbox 926 2255 967 2289; x_wconf 88' lang='lat' dir='ltr'>at</span> <span class='ocrx_word' id='word_1_236' title='bbox 988 2249 1090 2290; x_wconf 89' lang='lat' dir='ltr'>bene</span> <span class='ocrx_word' id='word_1_237' title='bbox 1109 2249 1142 2290; x_wconf 86' lang='lat' dir='ltr'>si</span> <span class='ocrx_word' id='word_1_238' title='bbox 1163 2249 1251 2304; x_wconf 86' lang='lat' dir='ltr'>quis</span> 
     </span>
    </p>
   </div>
  </div>
 </body>
</html>
