1390 2586
99 464 520 535 ‘ECLOGAE
579 476 1211 531 HORATIANAE.

551 664 688 702 PARS
719 664 776 701 II.

208 835 589 881 SATIRARUM
623 834 815 877 LIBER
849 833 1108 876 PRIMUS.

550 963 647 991 SATI
654 963 711 990 RA
744 963 773 990 1.

38 1054 132 1104 Qm
153 1051 213 1102 fit,
237 1051 462 1102 Maecenas,
486 1059 533 1094 ut
551 1067 687 1102 nemo,
711 1066 834 1107 quam
855 1050 932 1092 sibi
954 1056 1105 1092 sortem

39 1112 124 1154 Seu
144 1110 246 1153 ratio
266 1110 437 1160 dederit,
459 1125 532 1152 seu
553 1111 634 1151 fors
655 1108 866 1166 objecerit,
890 1108 959 1150 illa

39 1169 271 1211 Contentus
290 1168 414 1218 vivat,
436 1167 576 1210 laudet
595 1168 754 1209 diversa
774 1164 1029 1223 sequentes?

38 1226 80 1269 Ο
102 1225 295 1268 fortunati
316 1236 558 1268 mercatores
576 1226 585 1267 l
621 1225 757 1282 gravis
776 1224 895 1266 annis

38 1283 168 1326 Miles
186 1283 256 1333 ait,
279 1283 408 1326 multo
422 1284 510 1339 jam
531 1283 682 1325 fractus
702 1282 886 1324 membra
906 1281 1056 1324 labore.
1266 1282 1291 1319 5

39 1341 195 1384 Contra
214 1349 426 1391 mercator,
449 1355 594 1382 navem
610 1340 863 1396 jactantibus
887 1338 1072 1381 Austris:

39 1398 205 1444 Militia·
215 1406 278 1441 est
297 1398 443 1454 potior.
506 1396 787 1450 Quidenim'?
821 1397 1113 1439 Concurritur:
1146 1395 1257 1436 horae

39 1455 260 1498 Memento
280 1456 361 1498 cita
379 1471 487 1498 mors
508 1456 635 1506 venit,
657 1464 729 1498 aut
750 1455 918 1496 victoria
939 1454 1043 1496 laeta.

38 1513 276 1571 Agricolam
295 1513 436 1556 laudat
449 1513 555 1570 juris
576 1513 800 1570 legumque
821 1513 991 1568 peritus,

41 1571 128 1614 Sub
147 1571 247 1628 galli
267 1580 431 1613 cantum
447 1571 653 1613 consultor
675 1571 744 1612 ubi
767 1570 870 1612 ostia
890 1570 1037 1626 pulsat.
1241 1571 1291 1609 10

40 1628 132 1679 Ille,
153 1628 258 1671 datis
278 1629 448 1671 vadibus
469 1629 541 1684 qui
562 1644 655 1670 rure
677 1636 883 1670 extractus
903 1627 945 1669 in
966 1627 1109 1670 urbem
1131 1634 1206 1677 est,

41 1686 159 1728 Solos
178 1686 319 1728 felices
339 1686 525 1729 viventes
545 1686 693 1728 clamat
712 1685 753 1727 in
778 1686 892 1727 urbe.

42 1743 194 1786 Cetera
213 1744 264 1785 de
284 1759 438 1802 genere
459 1744 548 1794 hoc,
570 1743 672 1786 adeo
693 1752 789 1785 sunt
810 1743 949 1793 multa,
971 1742 1188 1799 loquacem

39 1800 259 1844 Delassare
279 1801 418 1844 valent
439 1801 626 1844 Fabium.
690 1801 756 1843 Ne
778 1810 818 1843 te
843 1816 990 1850 morer,
1011 1800 1120 1849 audi,

41 1858 140 1909 Quo
159 1874 247 1900 rem
267 1858 476 1901 deducam.
540 1859 585 1901 Si
607 1859 700 1915 quis
721 1859 854 1909 Deus,
879 1858 946 1900 En
968 1873 1060 1915 ego,
1083 1857 1204 1908 dieat,
1242 1859 1292 1898 15

39 1915 134 1958 Jam
154 1916 299 1958 faciam
320 1916 430 1972 quod
450 1917 573 1959 vultis
590 1933 598 1958 :
632 1917 711 1958 eris
732 1924 790 1967 tu,
814 1916 886 1973 qui
906 1916 1027 1958 modo
1048 1915 1178 1965 miles,

42 1973 279 2016 Mercator:
311 1983 356 2015 tu
377 1975 585 2023 consultus
606 1974 726 2016 modo
747 1975 943 2016 rusticus:
977 1973 1074 2015 hinc
1094 1988 1178 2023 vos,

38 2032 127 2074 Vos
147 2031 244 2073 hinc
264 2031 429 2073 mutatis
449 2031 645 2074 discedite
666 2032 871 2088 partibus:
905 2031 994 2074 eia!

44 2087 158 2138 Quid
178 2088 328 2131 statis?
359 2089 519 2132 Nolint.
581 2089 712 2145 Atqui
734 2089 831 2131 licet
851 2105 939 2131 esse
961 2088 1104 2131 beatis.

44 2145 160 2196 Quid
181 2161 312 2189 causae
333 2154 406 2197 est,
430 2146 576 2189 merito
597 2148 697 2202 quin
719 2147 799 2188 illis
819 2147 985 2203 Jupiter
1004 2145 1144 2188 ambas
1239 2148 1294 2186 ‘20

42 2202 178 2246 Iratus
197 2203 344 2246 buccas
363 2204 653 2260 infles—neque
673 2219 716 2246 se
736 2205 822 2246 fore
844 2205 1012 2260 posthac

30 2259 153 2304 :Tam
173 2262 335 2303 facilem
355 2261 476 2313 dicat,
500 2263 604 2304 votis
625 2270 670 2304 ut
690 2262 869 2318 praebeat
889 2261 1063 2304 aurem?

35 2317 267 2371 ³Praeterea,
288 2335 342 2361 ne
361 2320 432 2372 sic,
456 2327 502 2363 ut
522 2320 593 2376 qui
608 2319 820 2376 jocularia,
843 2320 980 2362 ridens

459 2404 462 2407 Δ
986 2391 1014 2419 Β
