1390 2586
126 113 206 155 126
549 112 914 144 INTERPRETATIO.
1214 119 1216 122 ⁴
1235 138 1240 143 .
1259 112 1347 155 [nu.

126 218 225 248 foedus
242 216 442 247 Tarentinum
460 223 490 245 Α.
507 223 538 245 u.
555 223 582 244 c.
599 214 670 250 717,
693 215 772 244 inter
787 216 987 245 Octavianum
1009 220 1039 245 et
1053 214 1224 245 Antonium
1245 214 1350 252 ictum,

128 261 181 290 ubi
197 260 329 289 Octaviae
345 258 450 288 sedula
465 258 678 287 intercessione
693 258 833 287 effectum
847 259 970 287 tandem
990 263 1044 293 est,
1068 263 1102 287 ut.
1123 267 1195 296 pace
1215 257 1350 287 reconci-

129 303 204 332 liata
221 301 371 331 Antonius
388 299 500 329 Caesari
523 309 614 329 naves
640 301 782 329 adversus
805 301 874 330 Sex.
898 300 1084 338 Pompeium,
1102 301 1202 329 Caesar
1217 299 1351 329 Antonio

130 346 242 375 milites
257 345 295 373 ad
312 342 485 372 Parthicum
501 343 613 371 bellum
629 343 842 378 commodaret,
856 342 973 381 sibique
987 342 1116 372 invicem
1131 342 1163 372 in
1179 342 1352 380 quinquen-

130 388 215 417 nium
232 386 455 416 triumviratum
470 389 676 423 prorogarem.
697 383 830 423 Appian.
847 385 882 414 B.
899 385 933 414 C.
948 385 978 420 5,
993 385 1043 415 93.

176 429 266 459 1-3.
290 425 428 466 [Aricia]
451 427 596 465 oppidum
610 427 688 456 Latii
705 436 783 465 pone
798 432 931 456 montem
944 427 1106 463 Albanum,
1117 434 1184 455 xvt.
1197 426 1260 455 mil.
1273 435 1352 465 pass.

132 481 151 501 a
166 472 266 501 Roma
280 471 405 505 distans,
421 475 525 498 notum
541 475 662 507 propter
674 469 802 498 Dianam
817 469 1033 499 Nemorensem
1049 479 1083 498 ac
1097 470 1210 498 fontem
1224 468 1351 506 Egeriae.

133 514 206 544 Fuit
228 514 267 543 ad
282 513 361 541 viam
378 511 518 550 Appiam,
542 512 602 549 qua
620 511 764 540 Horatius
779 512 838 541 iter‘
852 511 923 541 fecit
937 517 1016 541 certe
1031 521 1126 550 usque
1141 511 1179 540 ad
1197 511 1354 540 Beneven-

133 562 208 586 tum.
220 572 262 577 —
271 553 426 594 [Hospitio
437 552 563 592 modico]
577 553 697 592 exiguo,
709 563 811 592 parvo.
835 555 1036 592 Opponuntur
1047 554 1112 583 baec
1123 563 1236 592 magnoe
1245 553 1353 583 Roma.

133 614 175 621 —-
186 595 395 637 [Heliodorus]
420 597 522 626 rhetor
537 596 667 633 ignotus.
677 612 719 618 --
731 595 918 635 [Graecorum
933 597 1016 635 longe
1030 593 1229 634 doctissimus]
1253 595 1355 625 Cornis

134 646 180 670 est
194 640 360 679 hyperbole
375 639 522 668 sermonis
533 638 713 676 quotidiani,
727 640 786 676 qua
801 644 834 668 ut
850 640 952 668 bearet
962 639 1133 668 Groeculum
1149 638 1235 667 facile
1248 638 1353 676 utique

133 685 171 713 ab
195 693 226 712 se
251 683 412 720 impetrare
435 686 561 719 poterat.
574 696 615 703 —
629 678 752 719 [Forum
771 679 868 720 Appi]
891 681 1036 720 oppidum
1059 682 1096 710 ab
1114 679 1212 719 Appio
1227 680 1356 709 Claudio

135 727 232 760 Caeco,
256 725 308 762 qui
323 724 403 753 viam
418 723 549 762 Appiam
569 723 689 759 muniit,
711 723 753 753 sic
776 723 978 762 nominatum,
991 730 1046 752 xx.
1069 723 1132 752 mil.
1145 731 1225 763 pass.
1240 723 1356 752 distans

129 769 167 798 ab
184 767 296 797 Aricia.

176 810 269 839 5—8.
294 807 377 848 [Hoc
401 805 476 846 iter]
500 807 563 837 “id
587 809 708 844 est,.ab
730 809 804 837 urbe
830 817 926 846 usque
949 807 987 837 ad
1012 808 1125 837 Forum
1147 807 1239 846 Appii
1262 807 1356 837 biduo

135 852 286 887 venimus,
307 860 400 890 quum
416 850 579 880 velociores
594 860 655 879 uno
671 850 719 880 die
739 851 855 880 soleant
869 860 904 880 eo
920 850 1054 879 venire.”
1077 851 1185 880 Acron.
1195 865 1237 872 -—
1249 848 1356 889 [altius

130 892 319 934 praecinctis]
344 890 597 932 ἐὐζωνοτέροις,
623 893 749 922 celerius
771 893 982 922 incedentibus
1006 902 1041 922 ac
1066 892 1357 922 strenuioribus.’—

139 936 242 977 [nimis
267 942 311 966 est
333 933 450 975 gravis]
475 937 482 950 ‘
497 935 596 964 Nimis
621 941 666 964 est
690 935 817 965 molesta
840 935 945 974 pigris,
967 934 1093 964 fortasse
1118 934 1209 964 etiam
1234 939 1357 973 propter

137 979 236 1009 silices
250 979 427 1018 polygonoS,
450 977 560 1016 quibus
575 982 667 1007 strata
682 983 756 1013 erat,
779 987 814 1007 ac
827 983 987 1016 propterea
1005 986 1060 1006 nos
1082 977 1214 1015 primum
1236 977 1294 1006 iter
1314 977 1358 1006 ita

134 1021 306 1057 divisimus,
324 1026 357 1050 ut
371 1020 469 1059 primo
484 1020 534 1049 die
549 1020 658 1049 Ariciae
674 1020 938 1058 pernoctaremus.'
949 1035 991 1042 —
1004 1018 1081 1059 [Hic
1093 1017 1163 1059 ego]
1181 1020 1199 1035 “
1211 1018 1310 1048 Hodie
1325 1019 1356 1049 in

138 1064 218 1094 Foro
231 1063 323 1102 Appii
333 1063 460 1092 viatores
472 1067 594 1100 propter
605 1072 724 1100 aquam,
738 1072 806 1100 quae
820 1062 861 1091 ibi
877 1062 1038 1092 deterrima
1050 1066 1105 1096 est,
1118 1071 1240 1091 manere
1251 1061 1358 1092 vitant.

138 1107 222 1136 Dicit
236 1115 318 1144 erg0,
334 1115 366 1135 se
381 1105 422 1134 ibi
436 1114 554 1134 coenare
571 1104 711 1140 noluisse,
722 1114 759 1134 ne
775 1114 895 1134 necesse
909 1105 1035 1134 haberet
1048 1103 1181 1133 biberes·
1197 1104 1359 1142 Por-ph.—

141 1146 326 1188 [teterrima]
351 1149 358 1163 ‘
370 1147 472 1177 minus
493 1156 570 1185 pura
588 1157 623 1176 ac
641 1147 712 1176 mali
735 1146 920 1186 saporis.’·—-
933 1145 1032 1187 [haud
1049 1148 1144 1176 animo
1157 1144 1256 1186 aequo]
1280 1146 1358 1175 ‘im-

137 1191 288 1230 patienter
303 1198 393 1228 atque
408 1189 467 1219 illis
481 1190 699 1228 propemodum
714 1189 874 1218 invidens:

182 1233 313 1264 12-19.
338 1231 424 1271 [Huc
437 1230 568 1270 appelle]
593 1231 735 1260 ‘Domini
758 1232 796 1260 ad
817 1231 901 1261 fossae
914 1230 1011 1269 ripam
1031 1230 1259 1266 descenderant,
1281 1230 1359 1260 servi

139 1276 272 1305 sarcinas
300 1276 406 1304 eodem
435 1275 649 1312 deportarent3
681 1274 753 1303 hinc
775 1283 852 1312 puer
880 1273 989 1312 aliquis
1017 1274 1056 1302 ad
1084 1273 1195 1309 locum,
1225 1272 1278 1302 ubi
1308 1283 1358 1302 eas

139 1318 338 1355 custodiebat,
370 1317 522 1355 appellere
546 1317 636 1354 jubet
665 1321 798 1352 nautam,
827 1321 861 1345 ut
888 1316 920 1345 in
948 1315 1039 1345 lintre
1067 1315 1223 1344 commode
1253 1314 1359 1354 reponi

139 1361 272 1400 possint3
295 1360 345 1388 hic
367 1369 461 1397 quum
482 1358 616 1397 appellit,
631 1367 693 1387 non
707 1358 772 1387 sine
791 1358 882 1388 taedio
903 1359 1047 1396 majorem
1069 1367 1160 1396 quam
1181 1367 1236 1396 pro
1257 1358 1359 1394 naulo,

139 1403 222 1441 quod
251 1403 394 1441 depactus
422 1407 496 1436 erat,
530 1410 594 1430 esse
624 1410 785 1430 numerum
817 1410 922 1430 eorum
950 1400 1042 1435 videt,
1070 1400 1123 1438 qui
1151 1409 1259 1430 navem
1287 1409 1359 1429 con-

137 1445 273 1474 scensuri
296 1450 391 1479 erant,
412 1444 550 1473 dominos
571 1448 646 1482 puta
667 1452 738 1472 eum
760 1442 918 1481 permultis
937 1442 1049 1481 pueris,
1070 1442 1152 1471 unde
1173 1442 1361 1472 stomachose

141 1488 298 1517 Trecentos
319 1488 434 1521 inseris,
457 1486 565 1524 inquit,
587 1482 894 1524 cml—[trecentos]
916 1490 949 1514 ut
968 1487 1097 1514 sexcenti
1118 1485 1154 1513 de
1174 1494 1286 1522 magno
1301 1495 1359 1514 nu-

139 1539 284 1559 mero.—
296 1527 406 1568 [mula]
436 1529 519 1557 mula
547 1529 680 1557 remulco
707 1528 848 1564 alligatur
876 1527 969 1556 lintri.
980 1543 1021 1548 --
1037 1525 1086 1566 [ut
1113 1525 1231 1565 cantat]
1266 1529 1274 1543 ‘
1286 1527 1360 1556 dum

139 1571 306 1602 cantilenas
332 1570 493 1600 amatorias
515 1575 628 1600 canunt
651 1569 808 1599 temulenti
835 1574 865 1598 et
891 1575 982 1598 nauta
1004 1575 1034 1598 et
1060 1570 1152 1597 mulio
1162 1570 1180 1604 ς’
1204 1569 1253 1598 hic
1276 1569 1359 1598 enim

139 1615 229 1644 esth.
246 1615 265 1644 l.
281 1615 385 1649 viator,
409 1613 459 1650 qui
483 1622 536 1651 per
550 1612 629 1641 viam
645 1611 779 1650 Appiam
802 1612 945 1641 incedens
968 1612 1040 1640 fune
1061 1611 1154 1640 trahit
1174 1611 1361 1641 lintrem.—

139 1654 311 1696 [prolulus]
337 1662 369 1685 ut
382 1651 613 1696 βεβρεγμένος,
629 1655 777 1690 madidus,
794 1654 911 1688 uvidus,
926 1663 981 1692 pro
1000 1655 1076 1683 bene
1092 1658 1172 1692 poto.
1184 1669 1227 1674 -—
1239 1652 1361 1692 [Naum

133 1697 239 1738 piger]
263 1700 271 1714 ‘
286 1699 388 1730 Quum
412 1699 492 1726 hunc
516 1706 638 1734 quoque
658 1706 781 1726 somnus
801 1697 928 1734 obrepit.
951 1696 1056 1725 sunem
1080 1696 1170 1725 muloe
1191 1695 1360 1725 detractum

138 1751 212 1771 saxo
232 1750 268 1770 ex
285 1741 351 1778 ripa
365 1739 495 1769 exstanti
512 1739 618 1776 religat
632 1739 734 1777 sicque
750 1744 868 1778 pastum
884 1739 1011 1777 interea,
1024 1739 1097 1768 dum
1111 1743 1239 1776 uterque
1255 1748 1360 1778 crapu-

138 1785 199 1814 lam
215 1783 372 1817 edormiat,
382 1784 554 1821 jumentum
569 1781 714 1810 dimittit)

180 1825 313 1855 21—28.
339 1822 535 1864 [cerebrosus]
560 1824 649 1853 homo
664 1823 826 1853 iracundus
841 1828 932 1861 atque
946 1822 1110 1859 irritabilis,
1125 1823 1362 1852 hot-headed.—

141 1865 255 1908 [dolat]
272 1870 279 1883 ⁸
289 1867 428 1906 percutit,
440 1866 548 1896 caedit.’
558 1882 599 1887 -—
611 1864 751 1905 [quarta]
765 1866 824 1895 diei
838 1866 921 1901 hora,
934 1866 1095 1904 respondet
1105 1865 1223 1894 circiter
1234 1865 1361 1894 decimae

140 1916 259 1940 nostrae.
273 1926 314 1931 -
328 1907 483 1949 [lavimus]
522 1909 667 1938 Horatius
696 1918 815 1946 semper
846 1914 971 1946 usurpat
1000 1907 1128 1937 formam
1157 1907 1360 1944 antiquiorem

141 1954 247 1983 lovere.
283 1954 292 1969 ⁴
304 1952 444 1982 Lavimus
468 1956 568 1980 autem
591 1957 621 1980 et
636 1951 791 1988 religionis
811 1951 901 1980 causa
922 1956 951 1980 et
967 1950 1127 1989 prandium
1142 1949 1362 1988 sumpturi-'—

141 1992 304 2034 [Ferom‘a]
328 1994 454 2032 antiqua
477 1994 534 2022 dea
550 1993 663 2028 Italica,
687 1998 788 2032 postea
808 1994 967 2032 conjuncta
989 2002 1057 2022 cum
1073 1993 1203 2027 Junone,
1227 1992 1307 2020 unde
1328 1991 1362 2021 in

141 2037 295 2076 Inscriptt.
305 2042 427 2066 vocatur
439 2037 519 2065 IVNo
529 2036 695 2065 Fenoma.
714 2036 872 2074 Templum
886 2036 1002 2064 celebre
1013 2035 1141 2064 habebat
1152 2042 1203 2064 111.
1211 2034 1271 2062 mil.
1283 2043 1361 2072 pass,

139 2089 159 2109 a
182 2079 407 2109 Tarracina.——
420 2077 579 2118 [repimus]
603 2078 715 2110 “Quia
737 2078 795 2107 illis
817 2077 1002 2116 temporibus
1021 2076 1119 2106 adhuc
1137 2075 1361 2105 Tarracinensis

140 2123 212 2151 urbs
227 2123 258 2150 in
275 2121 420 2151 altissimo
436 2126 538 2150 monte
553 2126 635 2155 erat;
659 2121 730 2149 inde
746 2125 850 2158 postea
869 2119 900 2148 in
922 2119 1082 2158 aequiorem
1107 2119 1204 2148 locum
1225 2118 1362 2156 deposita

139 2169 196 2199 est,
212 2170 246 2193 ut
260 2174 319 2192 non
334 2164 431 2192 solum
446 2162 507 2192 sint
522 2163 621 2192 adhuc
636 2163 762 2200 vestigia
776 2162 970 2191 aedificiorum
983 2161 1014 2190 in
1030 2166 1131 2190 monte
1144 2161 1196 2190 sed
1212 2166 1242 2189 et
1257 2170 1360 2189 muro-

139 2206 239 2235 rum.”
263 2207 372 2244 Porph.
383 2203 558 2244 —Anaeur]
582 2214 691 2234 nomen
707 2205 848 2234 Volscum
865 2203 1035 2234 Tarracinae
1049 2204 1087 2232 ad
1103 2203 1212 2232 ostium
1230 2201 1360 2232 Ufentis.

139 2249 168 2278 A
191 2248 270 2277 Foro
294 2247 383 2287 Appii
408 2248 539 2277 distabat
564 2255 619 2276 xx.
642 2247 704 2277 mil.
731 2244 1046 2286 pass—[Cocceius]
1071 2245 1127 2275 Est
1150 2245 1193 2274 Μ.
1216 2244 1360 2275 Cocceius

139 2291 183 2321 M.
201 2291 235 2320 F.
253 2290 362 2324 Nerva,
378 2291 481 2320 consul
498 2298 530 2319 Α.
548 2297 578 2319 U.
595 2297 622 2319 c.
640 2289 710 2325 718.

178 2333 228 2370 32,
251 2332 302 2363 33.
328 2330 501 2372 [Fonteius]
526 2333 582 2363 Est
607 2332 640 2362 C.
668 2331 814 2362 Fonteius
839 2331 957 2370 Capito,
984 2331 1070 2369 cujus
1095 2334 1194 2360 exstat
1218 2338 1360 2359 nummus
