1390 2586
409 117 731 147 Ems'rOLARUM
761 117 850 146 LIB.
873 117 922 145 11.
947 106 983 145 1.
1267 105 1322 145 87

76 221 276 265 Coelestes
295 220 486 277 implorat
504 235 631 276 aquas
651 218 770 262 docta
791 234 914 275 prece
935 218 1129 267 blandus3
1243 219 1322 259 135

73 280 238 322 Avertit
259 279 431 328 morbos,
454 277 675 319 metuenda
696 276 876 332 pericula
896 276 1035 333 pellit3

75 337 273 393 Impetrat
293 345 335 378 et
355 351 495 391 pacem
518 345 560 377 et
581 334 827 391 locupletem
847 334 1035 390 frugibus
1055 347 1207 375 annum
1224 347 1235 382 3

75 394 268 437 Carmine
289 393 330 435 di
351 393 488 449 superi
511 393 735 449 placantur,
759 392 937 434 carmine
958 405 1114 433 manes.

77 451 280 508 Agricolae
302 451 435 508 prisci,
459 450 585 492 fortes
605 465 812 506 parvoque
835 449 955 499 beati,

74 508 251 551 Condita
272 518 362 566 post
382 509 586 550 frumenta
607 509 787 549 levantes
808 516 992 563 tempore
1012 506 1117 548 festo
1242 506 1321 546 140

73 566 234 622 Corpus
255 575 297 608 et
317 567 450 623 ipsum
471 567 651 607 animum
673 580 745 621 spe
768 565 859 606 finis
880 565 980 606 dura
1000 564 1215 612 ferentem,

73 623 179 665 Cum
201 624 320 666 sociis
340 639 524 680 operum,
547 622 685 679 pueris
705 633 747 664 et
767 623 944 679 conjuge
965 621 1060 672 fida,

71 681 285 723 Tellurem
307 697 443 738 porco,
469 681 680 722 Silvanum
702 681 806 722 lacte
828 681 1009 736 piabant,

71 737 263 781 Floribus
284 749 326 781 et
346 739 440 780 vino
463 738 646 781 Genium
670 753 891 780 memorem
915 737 1049 780 brevis
1069 738 1159 780 aevi.

71 795 331 839 Fescennina
351 812 424 853 per
444 796 552 838 hunc
573 796 733 837 invecta
755 795 919 837 licentia
940 811 1094 837 morem
1242 798 1322 837 145

69 853 270 896 Versibus
291 855 458 897 alternis
479 853 696 910 opprobria
716 853 866 895 rustica
886 853 1004 903 fudit,

70 911 344 968 Libertasque
366 920 620 954 recurrentes
640 920 808 967 accepta
828 926 901 967 per
920 926 1049 953 annos

70 968 192 1012 Lusit
211 970 463 1018 amabiliter3
497 970 627 1011 donec
641 970 728 1025 jam
749 984 879 1011 saevus
899 977 1082 1025 apertam

70 1026 119 1068 In
142 1027 296 1069 rabiem
318 1027 422 1069 verti
443 1028 568 1084 coepit
583 1028 715 1083 ιῇοοιις,
740 1035 782 1068 et
804 1042 876 1082 per
897 1026 1088 1068 honestas

71 1083 137 1127 Ire
158 1085 298 1127 domos
319 1085 487 1140 impune
509 1084 660 1126 minax.
720 1084 907 1126 Doluere
929 1093 1101 1126 cruento
1243 1086 1322 1125 150

68 1141 213 1186 Dente
235 1143 430 1192 lacessiti3
463 1143 541 1184 fuit
563 1142 724 1184 intactis
745 1157 910 1198 quoque
933 1157 1029 1184 cura

71 1200 320 1243 Conditione
339 1215 462 1257 super
483 1200 714 1242 communi:
748 1200 848 1255 quin
871 1199 992 1241 etiam
1015 1200 1084 1241 lex

71 1257 285 1315 Poenaque
308 1259 400 1309 lata,
424 1258 529 1299 malo
550 1273 642 1314 quae
665 1257 791 1299 nollet
812 1257 990 1298 carmine
1013 1271 1264 1313 quemquam

68 1315 285 1358 Describit
320 1326 478 1358 vertere
501 1316 680 1365 modum,
705 1315 920 1356 formidine
941 1315 1060 1357 fustis

69 1373 137 1415 Ad
161 1374 265 1415 bene
286 1373 505 1415 dicendum
526 1373 897 1428 delectandumque
919 1373 1085 1415 redacti.
1241 1375 1321 1415 155

71 1430 235 1473 Graecia
255 1441 372 1487 capta
394 1432 523 1472 ferum
547 1431 741 1472 victorem
765 1431 887 1485 cepit,
911 1438 953 1472 et
972 1440 1079 1473 artes

68 1488 216 1530 Intulit
235 1490 385 1545 agresti
410 1488 544 1530 Latio.
608 1489 678 1530 Sic
699 1487 884 1529 horridus
905 1487 974 1529 ille

67 1545 262 1588 Defluxit
282 1562 475 1588 numerus
499 1546 726 1596 Saturnius,
751 1555 792 1587 et
811 1560 936 1603 grave
957 1544 1067 1587 virus

9 1604 17 1614 ’
70 1603 294 1647 Munditiae
314 1604 536 1661 pepulere;
567 1603 638 1646 sed
660 1604 702 1644 in
726 1604 893 1660 longum
917 1611 1054 1645 tamen
1075 1619 1207 1646 aevum

69 1660 319 1704 Manserunt
340 1662 542 1718 hodieque
565 1669 732 1703 manent
752 1660 927 1717 vestigia
947 1661 1064 1703 ruris.
1242 1664 1320 1703 160

70 1719 196 1761 Serus
216 1721 326 1762 enim
350 1720 507 1761 Graecis
527 1719 709 1761 admovit
729 1719 918 1760 acumina
939 1718 1100 1770 chartis,

69 1776 126 1818 Et
148 1786 238 1833 post
263 1777 418 1819 Punica
441 1777 545 1818 bella
565 1777 729 1833 quietus
751 1792 935 1832 quaerere
957 1776 1096 1833 coepit,

69 1833 184 1884 Quid
209 1834 430 1891 Sophocles
452 1843 494 1877 et
515 1835 694 1890 Thespis
715 1844 757 1876 et
779 1834 1005 1890 AEschylus
1027 1834 1126 1876 utile
1151 1836 1318 1878 ferrent.

69 1891 269 1934 Tentavit
289 1907 454 1948 quoque
477 1907 575 1943 rem,
598 1892 631 1934 si
652 1892 778 1947 digne
802 1901 959 1934 vertere
980 1901 1142 1948 posset3

69 1948 126 1992 Et
146 1950 299 2006 placuit
318 1950 408 2000 sibi,
431 1959 575 1991 natura
594 1950 779 1991 sublimis
800 1959 841 1992 et
860 1965 975 1999 acer3
1239 1952 1319 1991 165

68 2005 178 2049 Nam
198 2008 326 2064 spirat
347 2007 546 2063 tragicum
567 2007 662 2050 satis
683 2017 725 2050 et
745 2007 918 2049 feliciter
939 2007 1085 2058 audet3

71 2065 155 2107 Sed
178 2075 337 2121 turpem
360 2073 477 2121 putat
498 2065 640 2107 inscite
662 2065 891 2121 metuitque
913 2065 1089 2106 lituram.

70 2123 274 2173 Creditur,
298 2137 350 2164 ex
372 2122 506 2163 medio
527 2122 623 2178 quia
643 2138 707 2164 res
727 2123 906 2172 arcessit,
930 2122 1080 2164 habere

69 2181 237 2223 Sudoris
259 2180 500 2229 minimum3
531 2181 601 2222 sed
623 2179 746 2222 habet
769 2180 983 2223 Comoedia
1003 2188 1117 2222 tanto
1285 2211 1287 2213 -

69 2237 170 2281 Plus
204 2238 352 2288 oneris,
387 2245 542 2294 quanto
576 2237 707 2280 veniae
746 2238 895 2280 minus.
956 2237 1151 2294 Adspice,
1194 2237 1319 2280 Plau-

180 2305 245 2338 tus
1239 2299 1318 2338 170

69 2351 167 2403 Quo
187 2361 305 2411 pacto
325 2360 461 2411 partes
477 2360 632 2396 tutetur
651 2352 826 2396 amantis
847 2351 1010 2410 ephebi,
