1390 2586
129 111 182 150 36
482 117 740 146 SA'rmARUM
770 117 858 144 Lm.
879 118 928 144 11.
949 107 988 145 3.

135 218 317 274 Coeperis
337 218 499 272 impexa
518 217 666 257 foedum
687 215 925 271 porrigine?
983 214 1134 264 Quare,

137 276 180 316 Si
202 275 359 329 quidvis
379 274 472 314 satis
493 282 565 321 est,
588 274 779 328 perjuras,
801 271 975 326 surripis,
997 272 1128 312 aufers

136 330 363 385 Undique?
393 331 475 370 tun’
497 329 647 370 sanus?
708 329 906 382 Populum
926 329 957 368 si
979 327 1130 369 caedere
1150 327 1255 368 saxis

135 387 324 441 Incipias,
345 400 572 439 servosque,
596 395 663 425 tuo
684 399 784 438 quos
803 399 880 425 aere
900 384 1061 439 pararis,

135 443 325 484 Insanum
348 453 387 483 te
408 456 544 482 omnes
565 442 678 495 pueri
699 441 950 494 clamentque
971 439 1136 494 puellae:
1272 441 1350 479 130

138 499 275 547 Quum
298 499 440 552 laqueo
463 512 626 537 uxorem
646 497 853 544 interimis,
876 506 1122 550 matremque
1142 510 1311 543 veneno,

138 555 335 595 Incolumi
368 554 495 608 capite
530 552 604 594 es?
663 552 773 601 Quid
813 552 918 592 enim
935 551 953 592 2³
1012 551 1158 606 Neque
1196 560 1240 591 tu
1278 551 1352 592 hoc
1383 559 1390 566 ²

246 611 341 651 facis
365 610 497 664 Argis,

138 666 227 707 Nec
246 668 350 706 ferro
371 675 414 706 ut
433 667 597 706 demens
617 664 852 719 genitricem
874 662 1020 704 occidis
1042 662 1219 704 Orestes.

137 723 204 763 An
228 731 269 763 tu
290 723 386 762 reris
407 737 497 762 eum
519 722 645 762 occisa
666 720 857 762 insanisse
879 726 1058 773 parente,
1387 766 1390 771 ⁴

137 780 200 819 Ac
220 794 298 819 non
320 787 412 819 ante
433 778 544 818 malis
565 778 792 817 dementem
812 786 943 816 actum
969 774 1112 824 Furiis,
1134 789 1253 829 quam
1274 777 1351 815 135

138 835 186 874 In
208 835 342 875 matris
356 834 500 889 jugulo
520 835 667 874 ferrum
688 832 878 887 tepefecit
897 829 1091 872 acutum?

140 890 266 939 Quin,
289 905 338 930 ex
361 905 440 944 quo
460 890 617 931 habitus
638 889 739 929 male
761 897 857 929 tutae
877 886 1022 928 mentis
1043 887 1223 936 Orestes,

140 946 209 986 Nil
231 961 324 987 sane
344 947 451 994 fecit,
474 946 579 1000 quod
601 954 643 986 tu
664 943 956 999 reprehendere
977 943 1124 997 possis;

139 1003 232 1043 Non
258 1002 438 1056 Pyladen
461 1003 563 1042 ferro
585 1001 731 1041 violare
752 1014 919 1041 aususve
940 1013 1111 1040 sororem
1133 1006 1194 1040 est

140 1059 363 1107 Electram3
395 1067 548 1099 tantum
571 1058 671 1098 male
691 1057 788 1098 dicit
808 1056 980 1110 utrique,
1000 1055 1177 1096 vocando
1276 1058 1352 1099 140

138 1115 258 1155 Hanc
282 1115 455 1161 Furiam,
478 1114 583 1154 hunc
602 1114 722 1162 aliud,
739 1113 859 1167 jussit
879 1111 984 1166 quod
1004 1111 1213 1166 splendida
1231 1111 1334 1153 bilis.

139 1171 298 1225 Pauper
321 1171 507 1225 Opimius
526 1170 683 1225 argenti
704 1169 821 1224 positi
843 1169 949 1208 intus
969 1175 1011 1208 et
1028 1167 1126 1216 auri,

138 1227 223 1275 Qui
247 1227 514 1267 Veientanum
534 1226 645 1267 festis
666 1235 801 1280 potare
822 1224 961 1265 diebus

138 1283 343 1337 Campana
365 1283 502 1323 solitus
523 1282 653 1330 trulla,
676 1295 927 1336 vappamque
948 1280 1143 1335 profestis,

137 1339 351 1386 Quondam
373 1339 551 1393 lethargo
571 1338 711 1394 grandi
734 1346 794 1378 est
813 1351 1036 1392 oppressus,
1058 1344 1104 1377 ut
1123 1336 1247 1377 haeres
1275 1338 1352 1377 145

137 1395 228 1435 Jam
250 1396 396 1436 circum
420 1396 567 1435 loculos
588 1403 628 1434 et
648 1394 777 1435 claves
798 1394 912 1434 laetus
931 1407 1133 1447 ovansque

139 1451 341 1492 Curreret.
403 1451 526 1491 Hunc
546 1451 723 1491 medicus
743 1449 911 1490 multum
932 1448 1036 1489 celer
1057 1457 1177 1503 atque
1197 1447 1326 1488 fidelis

139 1507 302 1548 Excitat
322 1508 396 1548 hoc
416 1516 531 1562 pacto
548 1523 556 1547 z
590 1521 766 1547 mensam
787 1505 882 1560 poni
896 1504 1016 1558 jubet
1034 1513 1156 1558 atque

137 1563 303 1604 Effundi
324 1578 457 1604 saccos
478 1578 727 1604 nummorum
745 1577 754 1610 ;
784 1561 974 1610 accedere
994 1559 1128 1614 plures

138 1619 204 1659 Ad
253 1619 541 1660 numerandum
559 1634 567 1658 :
614 1619 815 1659 hominem
862 1617 918 1658 sic
966 1616 1109 1672 erigit3
1157 1616 1269 1657 addit
1315 1623 1356 1657 et

249 1675 359 1724 illud,
1277 1675 1354 1712 150

139 1731 195 1771 Νἰ
216 1739 284 1772 tua
303 1731 488 1779 custodis,
511 1730 648 1771 avidus
663 1731 746 1784 jam
767 1729 852 1771 haec
871 1729 1026 1770 auferet
1044 1728 1182 1770 haeres.

140 1787 255 1828 Men'
277 1787 397 1828 vivo?
457 1787 518 1829 Ut
540 1787 646 1828 vivas
670 1786 804 1842 igitur,
826 1785 971 1840 vigila:
1003 1785 1077 1826 hoc
1095 1800 1184 1840 age.
1244 1783 1355 1832 Quid

246 1844 304 1884 vis
317 1843 335 1884 ’Β
1306 1866 1308 1870 ,

136 1899 345 1940 Deficient
363 1900 525 1953 inopem
547 1913 658 1939 venae
679 1906 731 1946 te,
755 1898 794 1937 ni
817 1897 927 1938 cibus
946 1905 1067 1952 atque

137 1955 290 2011 Ingens
310 1956 463 1997 accedit
482 1956 684 1996 stomacho
704 1954 851 1995 fultura
871 1953 1014 1994 ruenti.

138 2012 207 2051 Tu
222 2011 377 2053 cessas?
405 2012 592 2067 agedum,
609 2026 720 2051 sume
738 2011 812 2050 hoc
829 2010 1086 2064 ptisanarium
1107 2023 1258 2064 oryzae.>
1277 2011 1354 2048 155

138 2068 293 2116 Quanti
314 2067 492 2121 emptae?
542 2067 682 2108 Parvo.
743 2066 898 2114 Quanti
919 2064 1049 2121 ergo?
1105 2064 1354 2106 Octussibus.

250 2123 391 2166 Eheu!

137 2179 250 2228 Quid
271 2182 403 2228 refert,
427 2180 576 2228 morbo,
598 2195 649 2220 an
670 2178 784 2220 furtis
805 2192 1018 2233 pereamve
1037 2176 1220 2232 rapinis?

137 2235 333 2284 Quisnam
381 2237 504 2291 igitur
551 2250 669 2278 sanus
687 2235 705 2276 's'
765 2235 850 2283 Qui
899 2249 978 2275 non
1026 2233 1182 2275 stultus.
1241 2232 1354 2281 Quid

245 2307 384 2334 avarus
396 2292 414 2333 ’.θ
