1390 2586
45 118 136 152 mn.
153 120 192 144 11.
208 110 255 154 1.]
508 108 883 141 ismarum-Amo.
1249 108 1328 151 145

40 228 42 230 v
67 213 130 244 ‘ne
150 222 287 253 unquam
313 212 394 243 mala
415 212 551 242 carmina
574 209 761 250 componat‚'
784 219 918 249 eumque
944 209 975 239 in
1000 219 1150 249 generoso
1171 210 1329 249 proposito

70 257 242 288 coufirmat.
285 255 403 295 Scripta
419 254 541 285 videtur
557 262 665 285 A.u.c.
683 253 757 290 726,
779 259 814 284 ut
836 254 929 294 hujtis
953 253 1022 283 libri
1047 259 1120 284 tunc
1141 254 1215 284 editi
1241 255 1329 293 quasi

227 305 316 330 esset.

116 342 208 374 1-4.
225 340 318 383 [Sunt
331 339 600 382 quibus—videor]
627 341 704 371 Haec
719 340 905 371 constructio
922 340 1052 370 Horatio
1064 341 1154 370 solita
1169 340 1200 371 h.
1216 341 1236 370 l.
1253 341 1329 371 satis

70 385 167 420 etium
187 396 207 417 ι
227 386 324 416 Codd.
345 385 495 415 firmatur.
533 384 598 414 cfr.
621 385 684 414 Sat.
710 384 737 421 l,
760 385 788 420 4,
809 383 860 415 24.
877 400 921 405 —
938 381 1082 424 [Legem]
1099 390 1134 414 ut
1148 383 1189 414 A.
1206 384 1238 413 P.
1256 384 1327 421 135,

71 431 169 471 operis
181 430 238 466 lex,
254 430 263 446 ‘
275 429 382 468 regula
397 435 428 458 et
438 427 517 458 ratio
528 428 630 458 satirae
641 428 811 458 Romanae:
821 443 864 449 —
876 424 1029 467 [tendere]
1047 428 1152 466 Imago
1164 428 1329 467 desumpta

71 481 92 504 ι
103 472 215 504 fidibus
229 473 305 512 lyrae
320 473 368 502 vel
384 472 486 502 nervis
502 473 590 501 arctis
606 471 737 501 nimium
753 471 890 500 intentis.
903 487 946 492 --
963 468 1042 510 [sine
1057 469 1173 511 nervis]
1192 472 1200 487 ‘
1211 471 1329 501 Dicunt

71 525 176 548 mom
195 525 281 546 meos
303 515 420 546 nullius
441 525 507 545 esse
530 514 681 544 momenti
703 519 735 544 et
757 524 861 544 carere
885 512 1003 544 viribus
1029 514 1158 553 ingenii,
1182 515 1269 550 adeo,
1293 521 1329 544 ut

71 559 173 599 quivis
193 558 275 590 sacili
301 560 396 597 opera
421 559 498 588 tales
523 557 665 588 effutiat.'
711 557 775 587 Cfr.
799 559 863 587 Sat.
889 556 917 592 1,
943 557 992 593 10,
1017 557 1065 588 13.
1081 574 1125 579 -
1142 556 1283 598 [deduci]
1311 567 1330 588 a

70 600 182 633 flendo.
227 603 292 633 Sat.
319 603 348 638 l,
374 602 431 638 10,Ι
449 601 499 631 44.
533 602 613 641 Epp.
634 602 665 637 2,
690 600 717 637 l,
740 601 813 637 225,
837 602 921 631 tenui
948 602 1077 631 deducta
1104 606 1243 640 poemata
1262 602 1328 640 filo.

68 660 114 670 -
129 643 325 686 [Trebatius]
351 646 387 676 C.
413 645 577 675 Trebatius
604 645 707 681 Testa,
733 645 850 674 amicus
876 644 1043 681 Ciceronis,
1066 645 1119 684 qui
1143 655 1213 674 cum
1237 654 1274 674 eo
1296 645 1331 675 in

70 687 153 729 Bpp.
174 689 214 718 ad
239 689 326 719 Fam.
352 689 405 718 lib.
430 688 460 725 7,
481 698 563 727 saepe
583 689 716 728 jocatur,
745 688 888 717 tribunus
911 688 952 727 pl.
976 695 1084 718 A.u.c.
1107 687 1181 724 707,
1203 693 1330 718 auctore

69 737 153 763 cette
166 732 287 771 Pighio,
303 737 376 762 tom.
393 732 438 762 iii.
455 742 484 771 p.
500 731 574 768 451,
591 739 700 761 A.1J.C.
716 730 790 767 726,
807 741 902 761 senex
918 731 1149 768 sexagenarius,
1170 731 1276 761 hilaris
1298 736 1331 762 et

51 774 110 807 ,ad
118 776 226 815 jocum
241 777 394 805 urbanum
413 775 447 805 in
465 774 573 815 primis
594 774 705 813 factus,
723 775 852 805 Horatio
877 780 951 804 tunc
972 774 1014 810 37
1039 784 1137 805 annos
1160 779 1232 805 nato
1255 785 1330 805 sane

42 835 50 847 ;
68 819 192 858 placere
207 819 347 849 debebat.

112 861 207 897 5—-7,
233 859 432 902 [prasci-ibe]
473 861 529 891 Est
558 862 688 891 verbum
718 861 880 901 proprium
910 861 949 891 de
978 861 1217 900 jurisconsultis.
1264 861 1331 892 Cic.

68 905 157 935 Orat.
178 905 229 940 40,
253 906 327 938 Quis
345 915 474 944 unquam
493 906 655 941 dubitavit,
679 906 751 945 quin
777 906 809 935 in
830 905 986 944 republica
1009 907 1112 935 nostra
1130 907 1248 944 primas
1269 906 1330 936 elo-

69 949 195 989 quentia
209 949 338 979 tenuerit
351 958 466 987 semper
481 949 606 979 urbanis
615 950 796 988 pacatisque
809 949 908 984 rebus,
924 949 1070 979 secundas
1075 947 1162 985 juris
1177 950 1304 979 scientia
1314 950 1330 979 Ρ

69 1002 161 1032 quum
180 993 211 1022 in
232 993 331 1022 altera
347 993 469 1031 gratiae,
482 993 600 1032 glorioe,
616 993 756 1031 preasidii
773 993 935 1031 plurimum
956 997 1032 1022 esset
1041 1003 1052 1026 ‚·
1077 993 1109 1022 in
1124 993 1224 1022 alterd
1234 1003 1328 1031 proe-

69 1036 313 1074 scriptionum
335 1036 562 1075 cautionumque
583 1037 756 1075 praeceptio,
781 1033 1081 1076 &12,—[Quinem]
1108 1036 1188 1065 Cum
1212 1036 1331 1066 comico.

68 1077 219 1117 gravitate
235 1078 474 1118 jurisconsultus
495 1078 686 1114 brevissime,
717 1078 846 1117 singulis
871 1088 967 1118 prope
989 1079 1092 1108 verbis
1115 1089 1255 1118 parcens,
1280 1089 1330 1109 re-

68 1121 263 1160 spondete-
277 1119 438 1162 [dormire]
464 1124 471 1138 ‘
485 1121 528 1156 Si,
552 1132 621 1161 quae
643 1122 748 1152 animo
763 1123 877 1158 voluto,
894 1122 1033 1152 versibus
1056 1122 1215 1153 includere
1231 1128 1330 1159 vetor,

69 1164 148 1195 adeo
162 1164 328 1204 inquietor,
344 1170 379 1195 ut
393 1165 555 1195 insomniis
570 1165 700 1204 fatiger!

114 1207 145 1244 8,
160 1208 190 1240 9.
209 1206 522 1249 [Ter—transnanto]
541 1208 590 1239 Sic
601 1210 718 1248 junge:
736 1218 796 1238 non
820 1213 867 1239 ter
880 1210 973 1238 uncti.
1010 1209 1070 1239 Hic
1086 1219 1210 1248 quoque
1225 1210 1331 1248 legum

71 1259 246 1281 sermonem
261 1251 358 1282 facete
374 1252 522 1281 imitatur.
546 1252 608 1282 Cfr.
626 1254 683 1282 Od.
702 1252 730 1288 1,
747 1253 776 1289 8,
790 1253 818 1282 8.
844 1253 903 1281 Od.
920 1251 951 1289 3,
966 1252 1015 1288 12,
1035 1251 1082 1282 16.
1117 1254 1136 1269 “
1149 1253 1242 1285 Quod
1257 1263 1331 1283 vero

71 1298 130 1331 ter,
145 1294 256 1334 inquit,
272 1299 458 1330 transnanto,
473 1295 504 1325 id
522 1305 645 1334 quoque
664 1300 695 1325 et
716 1305 735 1325 a
757 1294 886 1325 medicis
909 1300 938 1325 et
962 1306 980 1325 a
999 1295 1098 1334 magis
1113 1297 1246 1335 petitum
1263 1302 1330 1332 est;

71 1337 184 1377 impari
205 1338 288 1368 enim
310 1343 341 1368 et
363 1339 517 1377 praecipue
536 1338 672 1368 ternario
691 1349 820 1369 numero
843 1348 995 1368 summam
1014 1340 1075 1368 vim
1096 1339 1142 1368 illi
1158 1340 1331 1370 tribuunt.''

75 1381 164 1411 Torr-
177 1397 221 1403 -—
237 1379 426 1422 [Irriguum]
445 1381 494 1412 Sic
510 1381 611 1412 Graeci
627 1379 758 1423 τέγγειν
779 1380 975 1422 πνεύμονας
996 1381 1088 1422 οἴνῳ,
1107 1380 1333 1424 βεβρεγμένος

29 1456 35 1460 ‚
73 1421 165 1464 οἴνῳ,
191 1424 305 1460 Latini,
328 1426 460 1464 madere,
481 1426 602 1455 uvidum
626 1436 688 1456 esse
713 1427 791 1456 vino.
836 1425 908 1464 Ipse
929 1431 1032 1455 autem
1056 1426 1221 1456 Trebatius
1243 1428 1332 1457 valde

73 1469 198 1498 amabat
219 1474 250 1498 et
271 1468 463 1498 notationem
485 1474 517 1498 et
539 1468 681 1508 scyphos.
728 1469 792 1499 Cic.
815 1469 855 1498 ad
877 1469 963 1499 Fam.
987 1469 1019 1507 7,
1034 1469 1086 1505 20,
1109 1471 1162 1509 qui
1184 1481 1277 1510 neque
1300 1472 1333 1501 in

76 1511 193 1542 Oceano
206 1515 314 1542 natare
335 1513 464 1542 volueris
485 1513 719 1542 studiosissimus
739 1513 821 1542 homo
843 1513 972 1542 natandi
983 1523 995 1546 ,·
1020 1518 1051 1542 et
1066 1512 1095 1549 7,
1112 1514 1164 1548 22,
1187 1514 1334 1544 Illuseras

73 1554 140 1584 heri
153 1556 233 1585 inter
246 1556 380 1595 scyphos,
396 1556 475 1595 quod
488 1556 626 1586 dixeram
641 1577 649 1585 .
662 1578 670 1585 .
687 1579 696 1586 .
710 1578 718 1586 .
735 1557 838 1596 itaque
854 1557 912 1586 etei
928 1557 1045 1586 domum
1061 1557 1132 1587 bene
1143 1561 1234 1596 potus
1249 1568 1332 1588 sero-

71 1607 129 1638 que
141 1599 300 1634 redieram,
316 1599 366 1638 &a

119 1640 252 1672 10—12.
278 1639 323 1681 [te
339 1640 438 1682 rapit]
456 1643 465 1658 ‘
478 1642 510 1671 Si
525 1642 653 1671 omnino
675 1641 748 1671 huic
771 1642 925 1672 scribendi
948 1642 1088 1682 cupidini
1110 1644 1253 1673 resistere
1269 1654 1333 1674 non

73 1684 182 1725 potes,’
198 1685 253 1714 &c.
268 1701 311 1706 —
329 1683 494 1726 [Praemia]
517 1685 646 1715 Caesaris
668 1685 766 1725 ipsius
782 1686 1036 1725 approbationem
1058 1691 1088 1716 et
1104 1687 1234 1725 gloriam
1250 1688 1333 1727 apud

73 1728 257 1766 populares:
281 1728 319 1758 de
334 1729 423 1758 donis
439 1729 612 1767 intelligere
635 1729 765 1759 minime
781 1730 961 1759 conveniret
984 1735 1082 1769 poetae
1105 1731 1274 1761 urbanitati
1297 1741 1333 1762 ac

44 1800 47 1803 Δ
74 1771 244 1800 modestiae.
259 1787 302 1792 —-
319 1769 444 1812 [pater]
471 1772 521 1802 Sic
535 1772 672 1802 seniores
688 1772 768 1802 viros
783 1773 923 1802 solebant
938 1774 1053 1812 alloqui
1067 1773 1217 1812 juniores.

120 1813 255 1844 13—15.
280 1812 389 1854 [neque
411 1813 504 1855 enim]
530 1816 589 1845 Od.
613 1815 641 1852 l,
662 1815 692 1851 6,
713 1816 742 1847 9.
768 1816 797 1852 2,
820 1816 868 1853 12,
889 1817 919 1848 9.
943 1817 972 1853 4,
989 1817 1018 1852 2,
1035 1817 1085 1852 27.
1100 1833 1143 1838 —
1160 1815 1333 1857 [fracta—

73 1855 212 1897 euepide]
232 1858 415 1888 Plutarchus
426 1858 459 1888 in
475 1858 576 1889 Mario
591 1869 621 1898 p.
633 1859 705 1890 419.
730 1860 767 1889 D.
801 1861 820 1875 “
833 1860 879 1889 Ea
891 1870 962 1899 pars
977 1860 1064 1898 ligni,
1082 1871 1151 1899 quae
1167 1861 1199 1890 in
1215 1861 1333 1890 ferrum

74 1900 231 1936 inseritur,
257 1906 349 1931 antea
378 1902 498 1931 duabus
523 1902 626 1932 fibulis
653 1901 761 1932 ferreis
789 1903 1025 1934 continebatur:
1071 1904 1191 1934 Marius
1224 1910 1330 1934 autern

74 1944 204 1974 alteram
229 1944 365 1983 quidem,
391 1945 654 1983 quemadmodum
679 1951 755 1983 erat,
778 1945 922 1985 reliquit;
951 1947 1050 1977 altera
1075 1957 1147 1977 vero
1174 1949 1332 1987 exempta,

31 2011 38 2025 ‚
74 1987 196 2017 clavum
211 1987 350 2026 ligneum
365 1987 505 2026 fragilem
521 1988 553 2018 in
569 1990 635 2030 ejus
650 1990 751 2019 locum
766 1989 904 2025 immisit,
921 1991 958 2020 do
973 1991 1110 2025 consilio,
1130 1996 1163 2020 ut
1178 1990 1277 2029 pilum
1292 1992 1332 2021 ad

75 2030 210 2070 elipeum
226 2031 323 2060 hostis
338 2032 508 2070 conjectum
525 2041 587 2062 non
600 2037 742 2062 maneret
756 2038 886 2070 rectum,
898 2034 983 2063 clavo
995 2034 1099 2072 ligneo
1111 2033 1209 2063 fracto
1221 2043 1331 2065 curva-

28 2088 54 2106 s..
71 2078 161 2105 ,retur
169 2073 298 2110 ferrum,
308 2079 340 2103 et
353 2074 473 2112 lignum
486 2077 659 2106 transversa
671 2076 798 2115 cuspide
810 2077 930 2107 haerens
944 2078 1087 2107 deorsum
1101 2077 1332 2115 penderet.”—-

30 2129 45 2157 εἰ
63 2113 261 2158 [describat]
278 2118 470 2147 ‘describere
485 2118 601 2157 possit!
648 2119 709 2149 Hic
728 2119 811 2149 enim
834 2121 945 2150 modus
968 2120 1068 2160 aptior
1090 2120 1214 2150 videtur
1236 2131 1330 2160 quam

34 2170 51 2198 ,·i
72 2159 234 2191 indicativi
249 2161 297 2190 vel
312 2170 447 2200 praesens
462 2162 510 2191 vel
524 2161 673 2192 futurum.

63 2224 65 2229 -
121 2203 255 2234 16—18.
283 2201 441 2244 [poteras]
459 2205 497 2234 de
513 2205 633 2234 actione
648 2205 851 2244 hypothetica
867 2205 1001 2246 (posses)
1017 2206 1060 2236 ita
1075 2206 1238 2238 enuntiata
1253 2217 1288 2238 ac
1305 2208 1331 2238 si

73 2245 139 2287 ,am
155 2247 257 2277 locum
273 2247 442 2283 habuisset,
458 2253 565 2287 utpote
581 2258 650 2287 quae
665 2249 773 2278 saltem
794 2258 944 2288 perquam
961 2250 1104 2288 optabilis
1119 2250 1170 2281 sit.
1183 2267 1227 2273 —
1243 2249 1331 2291 [sor-

38 2302 54 2309 ·’
79 2287 153 2330 ten]
171 2292 380 2321 ‘constantem
393 2301 428 2320 ac
443 2291 698 2330 magnanimum‚'
714 2298 750 2322 ut
766 2293 845 2332 Epp.
864 2293 891 2328 l,
908 2293 938 2329 7,
961 2293 1012 2330 46,
1034 2298 1172 2325 strenuus
1195 2299 1225 2324 et
1236 2293 1334 2334 fortis

79 2333 291 2373 -Pkilippum
305 2351 349 2356 —
366 2332 574 2375 [Scipiadam]
598 2334 783 2365 Africanum
806 2336 969 2366 minorem.
983 2352 1026 2358 —
1043 2334 1164 2376 [dextro
1186 2336 1331 2378 tempore]

79 2373 147 2410 &t
167 2377 200 2416 2,
217 2378 248 2415 4,
271 2377 302 2414 4,
329 2378 495 2418 opponitur
518 2382 648 2418 tempore
671 2380 751 2409 laevo.
797 2380 974 2410 Admodum
998 2380 1073 2411 scite
1091 2385 1189 2411 totam
1211 2391 1276 2412 rem
1299 2381 1333 2411 in
