1390 2586
147 105 200 143 90
471 112 783 141 Eprsromnum
813 112 900 140 Lm.
922 113 972 140 11.
992 102 1031 140 2.

147 213 302 255 Dilecti
323 212 394 254 tibi
416 211 612 267 Virgilius
633 211 858 266 Variusque
877 219 1031 267 poetae3

149 269 238 310 Nec
259 270 384 324 magis
405 268 584 322 expressi
605 267 737 308 vultus
757 282 828 322 per
847 283 973 309 aenea
991 268 1118 323 signa,

149 325 282 373 Quam
305 340 375 380 per
395 326 495 366 vatis
515 339 614 378 opus
635 339 763 364 mores
782 323 985 378 animique
1005 325 1178 364 virorum

150 381 358 422 Clarorum
378 388 585 435 apparent.
646 379 732 420 Nec
751 394 953 421 sermones
973 395 1049 436 ego
1069 379 1228 421 mallem
1280 382 1360 421 250

150 437 358 492 Repentes
379 452 450 492 per
470 437 646 484 humum,
669 451 788 490 quam
810 450 872 476 res
892 450 1129 491 componere
1149 444 1293 491 gestaS,

149 493 448 547 Terrarumque
469 493 567 534 situs
588 500 628 533 et
648 491 813 532 flumina
832 492 978 541 dicere,
1001 499 1042 532 et
1060 506 1171 532 arces

149 549 361 590 Montibus
381 549 595 603 impositas,
619 556 659 588 et
681 548 843 588 barbara
862 563 999 603 regna,
1021 548 1180 602 tuisque

149 605 353 660 Auspiciis
373 614 499 646 totum
521 605 701 645 confecta
720 604 852 644 duella
874 619 944 658 per
964 604 1112 653 orbem,

150 661 414 716 Claustraque
435 661 638 702 custodem
660 661 766 715 pacis
787 660 1012 700 cohibentia
1031 659 1191 710 Janum,
1281 663 1363 702 255

149 717 206 758 Et
225 718 472 758 formidatam
497 717 653 758 Parthis
674 726 712 757 te
733 716 912 772 principe
937 716 1120 765 Romam,

151 774 207 823 Si,
243 783 437 828 quantum
468 787 670 828 cuperem,
710 787 864 828 possem
899 787 1086 827 quoque3
1122 771 1194 814 sed
1231 786 1363 827 neque

257 845 423 884 parvum

150 885 322 926 Carmen
344 887 529 941 majestas
549 884 691 940 recipit
710 893 790 934 tua,
812 899 887 925 nec
906 899 1018 926 meus
1037 883 1159 925 audet

150 942 255 982 Rem
278 950 432 984 tentare
453 942 592 997 pudor,
615 956 734 996 quam
755 941 859 981 vires
878 940 982 981 ferre
1002 947 1199 982 recusent.

150 999 351 1040 Sedulitas
369 1006 515 1047 autem,
537 998 657 1039 stulte
678 1011 797 1052 quem
819 996 961 1052 diligit,
985 1005 1114 1052 urget,
1282 998 1363 1036 260

150 1054 358 1109 Praecipue
379 1070 503 1109 quum
523 1069 565 1094 se
586 1053 760 1094 numeris
780 1052 1032 1093 commendat
1052 1060 1092 1093 et
1110 1058 1220 1093 arte:

146 1110 282 1152 Discit
302 1111 408 1152 enim
429 1110 545 1151 citius
565 1110 828 1164 meminitque
850 1109 1038 1150 libentius
1058 1109 1157 1149 illud

149 1167 271 1215 Quod
293 1167 382 1222 quis
402 1166 568 1215 deridet,
590 1180 709 1221 quam
731 1165 837 1220 quod
858 1165 998 1220 probat
1017 1172 1059 1206 et
1078 1171 1302 1205 veneratur.

147 1222 220 1263 Nil
240 1238 371 1264 moror
390 1222 562 1263 officium
582 1221 690 1276 quod
710 1236 773 1261 me
793 1229 944 1277 gravat,
965 1235 1012 1261 ac
1031 1235 1164 1276 neque
1184 1219 1278 1261 ficto

148 1278 197 1319 In
218 1280 334 1334 pejus
354 1279 465 1320 vultu
485 1278 654 1333 proponi
675 1292 813 1318 cereus
833 1291 1014 1332 usquam,
1283 1277 1364 1315 265

149 1335 238 1375 Nec
259 1350 378 1390 prave
398 1335 512 1376 factis
533 1334 708 1375 decorari
730 1333 908 1374 versibus
928 1341 1047 1387 opto:

148 1391 214 1432 Ne
234 1393 397 1432 rubeam
419 1391 561 1446 pingui
582 1390 749 1431 donatus
770 1404 948 1438 munere,
970 1397 1012 1429 et
1031 1402 1111 1429 una

149 1447 253 1488 Cum
274 1448 465 1503 scriptore
486 1462 574 1487 meo
595 1446 712 1500 capsa
735 1454 938 1500 porrectus
957 1445 1108 1499 aperta,

148 1503 320 1545 Deferar
339 1506 379 1544 in
402 1503 532 1544 vicum
556 1503 796 1543 vendentem
817 1510 879 1542 tus
900 1509 940 1542 et
959 1501 1112 1549 odores,

148 1559 204 1601 Et
223 1560 349 1615 piper,
373 1568 414 1601 et
434 1558 630 1615 quidquid
651 1558 795 1599 chartis
814 1557 998 1599 amicitur
1018 1555 1177 1611 ineptis.
1283 1557 1365 1596 270

339 1816 549 1843 EPISTOLA
580 1816 744 1843 11.—-AD
775 1814 949 1842 JULIUM
981 1812 1179 1840 FLORUM.

149 1893 279 1942 Flore,
302 1893 407 1934 bono
427 1892 612 1947 claroque
633 1890 760 1932 fidelis
780 1890 906 1931 amice
928 1888 1097 1940 Neroni,

149 1951 193 1992 Si
214 1950 303 2004 quis
323 1950 424 1990 forte
446 1949 542 1990 velit
562 1962 730 2003 puerum
752 1946 823 1987 tibi
844 1945 1017 1986 vendere
1038 1952 1175 1985 natum

147 2006 303 2047 Tibure
325 2005 388 2046 vel
412 2004 566 2053 Gabiis,
588 2012 630 2044 et
650 2012 780 2044 tecum
802 2003 858 2043 sic
877 2010 992 2056 agat:
1027 2006 1038 2026 ‘
1054 2000 1135 2042 Hic
1155 2005 1197 2039 et

149 2062 356 2103 Candidus
376 2069 416 2102 et
437 2061 534 2102 talos
554 2075 578 2101 a
598 2059 746 2100 vertice
768 2058 933 2114 pulcher
952 2057 1001 2098 ad
1021 2057 1133 2104 imos,

149 2118 242 2158 Fiet
261 2118 417 2172 eritque
439 2126 530 2158 tuus
551 2130 803 2156 nummorum
824 2113 999 2155 millibus
1019 2120 1131 2160 octo3
1343 2111 1368 2149 5

148 2174 286 2214 Verna
307 2173 536 2214 ministeriis
555 2172 602 2213 ad
624 2182 745 2213 nutus
764 2182 880 2225 aptus
900 2169 1056 2218 heriles,

150 2229 360 2270 Litternlis
383 2229 536 2270 Graecis
557 2228 744 2276 imbutus,
767 2228 934 2267 idoneus
953 2225 1027 2267 arti

151 2285 355 2326 Cuilibet:
387 2285 528 2341 argilla
550 2284 707 2340 quidvis
728 2281 946 2325 imitaberis
966 2280 1068 2322 uda:
