1390 2586
109 102 141 128 ιι.
156 102 195 128 n.
213 93 259 138 1.]
509 92 886 124 tarsumenno.
1245 91 1326 134 251

51 186 78 237 Ξ
91 198 160 230 Sub
182 196 277 227 flnem
300 205 396 226 eoenae
419 194 557 225 carmina
573 194 696 234 (utique
719 194 805 233 prius
827 191 1009 233 composita)
1027 197 1089 223 tam
1110 193 1245 232 graviter
1261 194 1325 223 alta

66 249 92 272 ”j
120 241 234 272 sonora
249 249 322 269 voce
342 239 482 273 recitant,
506 239 594 277 quasi
617 248 636 267 a
659 237 805 272 convivis,
826 237 937 276 quibus
961 237 1079 267 interea
1101 237 1179 266 dura
1202 236 1324 266 tacendi

75 280 81 321 J
103 301 128 309 -›
154 283 238 315 itas
253 282 396 322 imposita
412 287 487 316 erat,
512 282 630 311 calamo
645 281 828 320 excipienda
842 281 1021 310 85581113-
1035 278 1176 320 [Parthis
1198 281 1323 310 menda-

134 325 150 368 ]
173 327 373 357 Proverbium
397 332 453 361 est,
477 331 511 354 ut
534 326 572 354 de
590 324 707 355 Punica
726 330 757 354 et
773 325 882 354 Graeca
905 325 977 363 fide,
995 325 1033 354 de
1050 324 1249 354 Cretensibus
1271 321 1324 353 ἀεὶ

115 388 148 397 „.
178 369 242 406 αἶς.
278 370 387 405 Od.4‚
412 369 461 404 15,
482 368 534 404 23,
557 369 644 407 infidi
667 369 780 398 Persae.
793 384 836 389 --
849 365 994 408 [scrinia]
1018 368 1173 397 libratiola
1189 366 1267 407 (Cic.
1284 369 1324 397 de

55 423 76 448 ,“··
110 429 128 438 w
147 428 150 434 ·
161 413 217 450 .‚l
236 411 280 453 l).
295 422 404 451 capsae,
420 412 452 441 in
469 413 581 450 quibus
596 412 688 441 libros
703 419 734 441 et
749 411 870 441 chartas
884 413 1091 441 asservabant.

47 454 67 494 J*
86 463 97 478 ‘1
117 454 293 492 114-117.
319 453 464 496 [Navim]
489 455 604 484 Similis
620 455 703 484 locus
718 460 764 484 est
781 456 817 484 A.
835 455 866 484 P.
886 455 955 490 114,
972 461 1002 484 et
1017 461 1083 484 erat
1098 454 1224 484 omnino
1238 455 1322 484 locus

44 502 46 506 “
83 521 101 526 .-
119 500 246 530 munis
270 509 288 529 a
311 499 457 538 sophistis
480 496 940 538 decantatus.—-[abrotonum]
964 498 1119 528 artemisia
1139 499 1322 528 abrotonum

43 540 122 580 aL,
144 543 390 574 southern-wood.
426 541 503 572 Plin.
528 541 580 577 21,
606 541 659 578 21,
683 552 754 571 usus
777 546 822 572 est
837 540 936 580 soliis,
960 543 1014 572 sed
1034 541 1130 582 major
1152 542 1257 572 semim·
1283 541 1324 571 ad

43 580 327 626 “calfaciendum
341 598 352 620 ,-
375 586 408 615 id
434 587 532 615 nervis
562 586 646 621 utile,
676 586 761 620 tussi,
787 587 975 624 orthopnoeoe,
1006 586 1061 615 &c.
1099 585 1179 615 Cels.
1209 585 1240 620 3,
1270 584 1321 620 21,

42 631 191 669 ,ζὰὺιαπι
207 634 362 660 movet.—
373 626 469 668 [quod
483 626 678 668 medicorum]
703 630 711 644 ‘
725 629 887 666 Sapienter
909 629 1111 667 relinquimus
1137 627 1324 658 medicinam

0 702 1 705 ,
42 694 54 699 ν’
71 673 201 704 medicis
215 679 246 703 et
260 672 354 702 fabris
369 673 483 708 onmia,
498 682 567 711 quae
583 672 622 701 ad
637 681 743 701 eorum
757 679 854 701 artem
873 672 1043 711 pertinent:
1067 678 1173 702 contra
1187 671 1325 701 carmina

0 719 1 722 ’
46 725 182 754 pomnen
217 715 451 755 componimus!
466 732 509 736 —
526 713 677 754 [fabrilia
703 713 808 755 fabri]
854 715 992 768 Speciem
1030 716 1122 745 habet
1159 714 1324 754 proverbii.

66 756 183 799 Eurip-
210 759 334 798 Fragm.
358 760 418 789 inc.
437 759 489 794 94,
512 759 605 788 Dind.
629 756 759 788 Τέκτων
781 758 846 799 γὰρ
869 756 917 788 ὢν
939 756 1103 800 ἔπρασσες
1122 757 1159 789 οὐ
1185 757 1323 799 ξυλουρ-

0 802 5 803 ’
50 770 174 846 ζ11γικάρ
173 819 214 825 —-
227 800 376 843 [passim]
401 803 409 818 ‘
422 811 528 831 omnes
544 802 717 840 promiscue
732 808 761 831 et
777 802 918 852 semper.

36 883 37 886 Ἰ
52 843 58 851 '
119 844 401 886 118—125.[H1·c
415 843 515 895 err-of]
542 845 630 875 Hanc
646 852 749 875 tamen
765 846 902 875 carmina
917 845 1072 885 pangendi
1088 847 1245 880 insaniam,
1268 845 1324 875 sed

50 886 175 925 deum,
205 890 384 928 neminique
415 889 539 918 noxiam
566 889 728 919 commoda
753 889 845 918 etiam
873 890 1016 928 quaedam
1045 889 1158 919 habere
1182 890 1324 927 Augusto

28 955 30 959 -
72 933 204 964 candide
219 933 373 972 simulque
388 932 499 962 callide
513 932 666 966 ostendit;
689 933 799 962 callide
817 939 970 971 quatenus
991 933 1116 962 simulat
1141 943 1172 962 se
1197 932 1235 962 de
1258 933 1323 962 tota

43 978 48 1000 ἶ
67 974 128 1007 ina
141 982 302 1016 poetarum
319 976 410 1006 turba
425 977 517 1005 verba
531 975 641 1011 facere,
665 985 760 1014 quum
781 985 827 1011 ea,
852 986 921 1014 quae
937 976 1036 1010 affert,
1057 976 1270 1005 tantummodo
1285 976 1324 1005 de

55 1020 156 1050 tveris
185 1020 376 1058 summisque
404 1019 503 1058 poetis
532 1019 650 1058 possint
675 1017 987 1059 affirmari—[Non
1014 1017 1138 1059 temere]
1170 1019 1325 1058 quomodo

48 1063 189 1094 mensim
208 1063 384 1102 pervenerit
404 1063 442 1092 ad
464 1062 702 1100 significandum
727 1062 811 1091 idem
834 1073 929 1101 prope
952 1072 987 1092 ac
1010 1073 1067 1093 non
1079 1061 1187 1102 facile,
1210 1063 1326 1102 optime

48 1103 64 1138 {w
72 1106 261 1147 perspicitur
280 1116 318 1136 ex
336 1106 436 1136 Plauti
454 1106 564 1136 Bacch.
584 1105 611 1142 l,
631 1105 657 1140 l,
675 1106 726 1141 52,
743 1106 881 1145 Rapidus
895 1107 1007 1145 fluvius
1030 1111 1074 1136 est
1094 1108 1162 1136 laic.-
1186 1117 1242 1136 non
1268 1107 1324 1136 huc

52 1154 63 1178 Ἀ
75 1154 185 1182 temen
200 1151 327 1180 transiri
340 1154 457 1189 potest.-
481 1149 533 1178 ubi
550 1159 646 1188 quum
662 1149 783 1188 proprie
799 1150 848 1184 sit,
869 1150 876 1164 ‘
889 1159 949 1179 non
966 1149 1209 1187 inconsiderate‚’
1231 1149 1324 1179 simul

51 1193 158 1224 “inest
171 1193 359 1223 difficultatis
375 1193 469 1222 notio.
482 1209 524 1214 —
539 1190 648 1232 [socio]
673 1192 704 1222 in
727 1193 934 1231 negotiatione
953 1193 1059 1231 aliqua
1075 1194 1121 1222 vel
1146 1193 1326 1231 publicano-

43 1244 145 1267 urum
169 1234 568 1276 societate.—[ineogitat]
601 1236 761 1271 ‘intendit,
785 1236 937 1271 molitur3'
962 1238 1088 1266 verbum
1119 1237 1326 1266 Horatiannm

40 1316 44 1322 ὁ
75 1289 115 1311 ex
130 1279 201 1317 illis,
213 1290 282 1320 quae
295 1280 403 1310 Graeco
418 1279 502 1309 fonte
515 1289 604 1318 parce
618 1279 755 1315 detorsit,
769 1277 886 1315 ἐννοεῖ,
900 1277 1162 1316 ἐπιβουλεύει.-
1172 1277 1325 1320 [siliquis]

26 1323 40 1346 ·-’·
54 1337 62 1342 ’·
76 1323 308 1362 ‘leguminibus
323 1323 423 1352 omnis
438 1324 570 1361 generis,
591 1322 676 1362 pisis,
696 1322 783 1358 fabis,
802 1324 887 1358 vicia,
909 1324 1035 1353 sortasse
1058 1324 1214 1353 interdum
1230 1323 1326 1353 etiam

74 1366 198 1397 eilicula
212 1366 335 1406 proprie
351 1367 443 1404 dicta,
457 1366 630 1405 κερατίοις,
644 1366 687 1396 St.
699 1366 802 1396 John’s
818 1367 920 1402 bread,
927 1365 1012 1405 fruit
1027 1365 1062 1406 qs
1071 1368 1119 1397 the
1135 1367 1325 1397 carob-tree.’

73 1407 228 1450 —[pane
253 1407 396 1450 seeundo]
428 1412 509 1439 ‘non
533 1409 685 1447 siligineo,
709 1419 769 1439 non
794 1410 893 1448 primo
920 1420 976 1439 nec
1005 1416 1158 1449 postremo
1186 1408 1326 1449 (prorsus

50 1462 55 1478 ι’
75 1459 142 1484 atro
155 1451 185 1491 2)
207 1454 260 1483 sed
279 1453 524 1492 dispensatorio!
549 1453 656 1483 Comm.
675 1453 724 1482 Gr.
762 1453 882 1482 Dicitur
905 1453 998 1482 etiam
1017 1455 1220 1489 secundarius,
1244 1454 1327 1484 ciba-

20 1494 22 1501 ’
46 1534 49 1535 ⁷
75 1498 200 1527 νέαι-
215 1494 372 1537 [Militiae]
397 1496 518 1526 dativus
534 1506 589 1535 pro
602 1498 689 1536 piger
703 1497 745 1526 ad
758 1497 916 1526 militiam:
941 1498 1031 1526 bonus
1046 1502 1149 1526 autem
1165 1498 1258 1527 aliem*
1280 1498 1327 1528 rei

76 1549 174 1579 quum
189 1541 356 1570 rectissime
378 1540 507 1574 dicatur,
529 1539 638 1579 quidni
654 1540 735 1578 apud
751 1546 874 1579 poetam
895 1539 989 1570 etiam
1005 1541 1110 1576 malus,
1135 1550 1242 1579 parum
1259 1540 1325 1570 ido·

39 1596 45 1623 *f
77 1592 155 1613 neus
165 1583 177 1613 ‘l
187 1581 291 1624 ——[S1·
306 1585 361 1613 das
375 1581 444 1623 hoc]
470 1585 478 1599 ‘
489 1584 519 1612 Si
536 1583 676 1613 concedis
692 1583 740 1612 his
755 1583 867 1621 quietis
883 1593 1005 1622 quoque
1019 1582 1193 1620 virtutibus,
1214 1584 1275 1614 fide
1290 1593 1327 1614 ac

48 1643 50 1646 ·
77 1627 294 1666 temperantia,
311 1626 531 1666 rempublicam
548 1627 691 1665 legesque
707 1626 857 1656 stabiliri.¹

124 1669 300 1701 126-131.
326 1668 476 1710 [figurat]
502 1670 631 1699 ‘format
656 1680 822 1708 puerorum
849 1669 921 1706 ora‚’
939 1674 973 1699 ut
995 1670 1039 1700 ait
1061 1670 1208 1702 Quinctil.
1232 1670 1280 1705 ll,
1296 1670 1327 1706 3,

40 1706 62 1727 '⁸
78 1711 132 1752 81,
147 1714 320 1743 ediscendis
335 1714 418 1744 enim
433 1719 594 1752 poetarum
611 1714 684 1743 locis
699 1720 730 1743 et
745 1721 885 1743 accurate
901 1713 1065 1743 recitandis
1081 1714 1328 1754 γραμματισταὶ

77 1755 110 1787 id
124 1758 312 1796 spectabant,
337 1762 370 1786 ut
389 1758 454 1796 ‚iam
477 1756 509 1786 in
530 1757 637 1786 tenera
657 1762 747 1786 aetate
771 1763 852 1786 esset
874 1757 1039 1787 absolutius
1062 1767 1092 1786 os
1113 1763 1142 1787 et
1163 1759 1329 1796 expressior

2 1824 9 1837 „
38 1807 56 1826 -·
76 1809 182 1835 nermo,
199 1800 347 1833 Quinctil.
366 1800 393 1836 l,
412 1799 439 1836 l,
456 1799 507 1835 37,
523 1800 555 1829 id
571 1807 628 1837 est,
644 1801 652 1816 ‘
665 1807 699 1829 ut
717 1800 862 1830 distincta
882 1807 974 1839 atque
994 1801 1127 1838 eleganti
1146 1802 1329 1839 pronuntia-

47 1864 49 1867 *
78 1843 164 1874 tione
179 1850 319 1874 accurate
333 1844 456 1873 efferret
473 1843 576 1873 Latini
597 1844 746 1873 sermonis
762 1844 884 1882 singula
900 1843 1064 1873 11811183-
1076 1842 1241 1884 [Torquet]
1268 1847 1276 1860 ‘
1289 1845 1331 1874 Et

78 1895 175 1926 quum
189 1891 304 1917 mature
321 1893 498 1916 assuescant
520 1887 607 1926 pueri
628 1887 668 1916 ad
687 1892 848 1926 poetarum
865 1887 998 1916 nobilem
1015 1887 1249 1926 elegantemque
1265 1898 1330 1917 ser-

33 1943 47 1959 t
78 1938 214 1964 monem,
238 1940 275 1960 eo
291 1930 410 1960 facilius
430 1929 584 1959 abstinere
607 1940 639 1960 se
661 1940 679 1959 a
695 1930 795 1960 verbis
818 1930 946 1969 plebeiis
969 1936 1000 1960 et
1022 1930 1154 1960 inficetis
1181 1931 1329 1970 omnique

5 1972 7 1975 ’
41 1971 46 1989 ³·
79 1969 303 2014 αἰσχρολογίςι
318 1973 512 2003 (11581111ῑῦ-
524 1971 614 2013 [Mox
626 1971 758 2013 ιειίαιιι]ί
771 1974 890 2003 Deinde
903 1983 999 2012 quum
1012 1974 1227 2023 progrediente
1240 1981 1329 2004 aetate

47 2030 63 2042 τ
79 2017 290 2048 adolescentes
306 2019 372 2056 jam
387 2017 491 2046 idonei
513 2017 592 2046 fiunt
607 2017 647 2046 ad
662 2023 816 2056 pra-:cepta
831 2017 953 2046 virtutis
976 2023 1007 2046 et
1029 2018 1189 2056 sapientiae
1214 2018 1330 2048 intelli-

62 2075 63 2079 =
80 2060 183 2101 flenda
198 2069 234 2090 ac
250 2060 422 2096 retinenda,
445 2059 518 2089 talia
538 2060 574 2089 iis
589 2062 728 2099 praebent
743 2068 851 2099 poetae,
876 2067 907 2090 et
918 2065 1011 2100 grata
1027 2061 1162 2098 quidem,
1187 2062 1284 2091 amica
1299 2067 1331 2092 et

56 2123 58 2126 -
76 2103 240 2138 benevola,
254 2104 356 2133 minus
371 2103 448 2132 dura
463 2109 555 2142 atque
570 2113 688 2142 aspera,
702 2114 795 2143 quam
810 2109 882 2134 sunt
897 2105 1042 2143 pleraque
1058 2104 1331 2143 philosophorum!

3 2158 6 2160 ’
46 2150 58 2171 ῐ
79 2160 123 2168 -
137 2144 283 2186 [orientia
298 2144 445 2186 tempora]
470 2145 480 2163 ‘
494 2156 587 2176 unam
608 2147 769 2176 hominum
790 2153 912 2177 aetatem
935 2154 1003 2186 post
1018 2147 1157 2183 alteram,
1186 2153 1219 2177 ut
1234 2148 1333 2187 prima

44 2194 51 2219 ἰ’
75 2198 212 2230 quaeque
229 2192 336 2226 oritur,
351 2190 383 2219 in
400 2191 499 2219 lucem
515 2190 617 2220 editur
632 2199 666 2220 ac
681 2190 775 2229 priori
791 2189 947 2221 succedit!
957 2207 1000 2212 —
1014 2188 1124 2231 [notis]
1149 2193 1156 2206 ‘
1167 2193 1333 2231 veteribus,

81 2242 151 2272 quae
166 2234 205 2263 ab
220 2233 364 2263 omnibus
379 2233 593 2263 celebrantur.¹
605 2250 647 2254 —
661 2232 807 2273 [aegrum]
827 2236 835 2250 ‘
849 2234 944 2263 animi
961 2244 1088 2271 aegrum,
1105 2234 1288 2265 sollicitum.'

47 2275 54 2278 ”
76 2285 84 2295 ’
126 2275 303 2307 133—138.
327 2274 440 2317 [rende]
466 2278 504 2306 ‘a
527 2277 608 2315 qu0,'
634 2284 668 2306 ut
691 2277 748 2306 ud.
775 2277 803 2313 l,
834 2277 883 2313 12,
912 2275 1167 2317 17.—-[preces]
1191 2288 1209 2307 a
1233 2279 1334 2309 choris

43 2336 49 2350 z
80 2319 255 2359 puellarum
271 2325 302 2349 et
318 2329 483 2359 puerorum
511 2320 715 2359 patrimorum
730 2330 766 2350 ac
786 2321 998 2350 matt-imorum
1023 2321 1174 2357 recitatas,
1202 2332 1334 2360 quarum

46 2395 55 2403 ⁴,
81 2363 258 2403 exemplum
282 2363 376 2394 habes
393 2364 526 2394 Carmen
551 2363 695 2393 Seculare
718 2369 749 2393 et
772 2364 830 2394 Od.
853 2364 882 2403 l,
905 2363 1005 2394 21.—
1020 2362 1217 2405 [praesentia]
1243 2367 1334 2406 ‘pro-
