1390 2586
89 106 144 144 98
192 127 194 129 >
442 115 655 142 EPISTOLA
686 113 744 140 An
775 113 973 141 Prsomzs.

93 214 302 256 Obscurus
322 214 396 261 ἧος
427 221 650 254 sectantem
670 212 776 253 levia
796 212 908 253 nervi

90 271 302 312 Deficiunt
321 270 526 324 animique
543 285 552 317 3
583 269 785 324 professus
804 268 972 322 grandia
991 274 1153 322 turget;

94 327 231 382 Serpit
251 327 361 367 humi
384 334 494 366 tutus
514 326 681 366 nimium
703 325 947 379 timidusque
968 324 1167 379 procellae.

93 383 177 431 Qui
198 384 349 423 variare
371 382 482 437 cupit
502 397 585 422 rem
607 381 883 436 prodigialiter
904 395 1036 428 unam,

93 439 348 494 Delphinum
370 439 479 479 silvis
498 438 697 493 appingit,
720 437 908 478 fluctibus
928 451 1081 491 aprum.
1269 437 1323 474 30

93 496 143 536 In
165 496 306 535 vitium
328 495 439 535 ducit
458 494 587 548 culpae
607 495 716 548 fuga,
738 493 770 534 si
793 501 901 534 caret
919 501 1018 533 arte.

95 551 311 593 AEmilium
333 551 436 592 circa
459 551 595 590 ludum
618 551 728 590 faber
749 564 852 590 unus
873 558 914 590 et
934 562 1090 603 ungues

98 608 313 662 Exprimet
334 616 375 648 et
394 607 535 647 molles
555 606 776 647 imitabitur
797 620 875 646 aere
896 605 1074 659 capillos,

27 661 37 671 ⁹
97 664 246 705 Infelix
268 664 401 719 operis
422 665 591 711 summa,
614 662 710 717 quia
729 677 879 717 ponere
901 670 1029 702 toturn

96 720 275 761 Nesciet.
323 720 448 760 Hunc
468 734 545 774 ego
567 734 648 773 me,
666 718 696 759 si
719 719 816 773 quid
838 731 1079 772 componere
1100 730 1250 765 curem,
1270 717 1324 754 35

98 777 190 817 Non
213 776 340 831 magis
362 791 449 816 esse
470 776 604 823 velim,
623 790 742 829 quam
764 789 861 815 naso
881 774 1017 814 vivere
1038 787 1174 828 pravo,

97 833 370 888 Spectandum
392 832 519 887 nigris
539 831 664 872 oculis
683 833 882 886 nigroque
903 830 1060 884 capillo.

152 890 309 930 Sumite
330 889 536 929 materiam
558 887 712 936 vestris,
735 887 806 942 qui
825 886 1009 934 scribitis,
1031 899 1189 940 aequam

97 945 284 992 Viribus3
317 954 358 986 et
378 953 533 985 versate
555 944 636 993 diu,
659 944 756 998 quid
777 944 881 984 ferre
902 951 1102 990 recusent,

97 1001 210 1049 Quid
230 1002 392 1042 valeant
412 1000 581 1041 humeri.
644 1001 722 1040 Cui
745 1000 849 1040 lecta
868 1008 1055 1054 potenter
1076 997 1153 1038 erit
1172 1011 1248 1047 res,
1275 999 1328 1036 40

98 1058 188 1099 Nec
209 1058 395 1099 facundia
415 1058 575 1098 deseret
595 1056 713 1106 hunc,
736 1071 812 1096 nec
831 1055 987 1096 lucidus
1007 1054 1116 1095 ordo.

97 1115 265 1155 Ordinis
287 1115 372 1155 lxaee
392 1114 517 1154 virtus
537 1113 614 1153 erit
634 1121 676 1153 et
696 1127 834 1161 venus,
855 1122 926 1152 aut
946 1126 1024 1166 ego
1045 1110 1171 1158 fallor,

99 1170 258 1226 Utjam
281 1185 389 1210 nune
409 1170 516 1210 dicat
529 1170 615 1224 jam
635 1184 744 1209 nunc
765 1168 955 1209 debentia
973 1167 1066 1215 dici,

100 1227 301 1282 Pleraque
322 1226 480 1267 differat
501 1234 542 1266 et
563 1239 737 1280 praesens
757 1225 797 1264 in
820 1233 980 1279 tempus
999 1222 1169 1263 omittat.

156 1283 204 1324 In
225 1283 358 1324 verbis
379 1283 498 1323 etiam
522 1282 655 1322 tenuis
676 1289 898 1335 cautusque
918 1279 1112 1328 serendis,
1273 1280 1328 1317 45

98 1339 192 1381 Hoc
211 1348 332 1390 amet,
355 1339 430 1379 hoc
449 1346 612 1394 spernat
633 1337 817 1393 promissi
839 1336 1023 1377 carminis
1043 1342 1195 1376 auctor.

97 1396 265 1437 Dixeris
286 1395 465 1451 egregie,
488 1403 628 1435 notum
649 1394 682 1434 si
703 1394 846 1434 callida
865 1393 1032 1433 verbum

100 1452 341 1493 Reddiderit
355 1452 548 1506 junctura
568 1465 730 1491 novum.
794 1450 837 1490 Si
859 1450 961 1490 forte
982 1462 1146 1489 necesse
1167 1454 1230 1488 est

99 1509 264 1549 Indiciis
285 1517 507 1548 monstrare
526 1507 755 1548 recentibus
774 1505 908 1546 abdita
927 1519 1060 1545 rerum
1077 1519 1088 1552 ;

98 1566 275 1621 Fingere
297 1564 486 1605 cinctutis
506 1579 585 1604 non
608 1562 797 1603 exaudita
819 1560 1014 1616 Cethegis
1277 1561 1330 1598 50

101 1622 349 1677 Continget3
381 1620 622 1674 dabiturque
644 1618 807 1660 licentia
826 1626 987 1672 sumpta
1006 1615 1219 1672 pudenter.

101 1677 157 1719 Et
177 1693 280 1718 nova
302 1677 475 1731 fletaque
496 1691 626 1731 nuper
648 1674 854 1716 habebunt
873 1673 996 1714 verba
1015 1673 1150 1719 fidem,
1173 1672 1206 1712 si

101 1734 248 1775 Graeco
268 1735 380 1774 fonte
402 1733 559 1782 cadent,
582 1746 700 1787 parce
720 1731 888 1771 detorta.
949 1728 1062 1777 Quid
1082 1737 1218 1769 autem

103 1790 268 1832 Caecilio
292 1789 519 1843 Plautoque
540 1788 651 1829 dabit
674 1787 895 1835 Romanus,
917 1786 1151 1840 ademptum

102 1847 277 1903 Virgilio
300 1845 541 1899 Varioque?
588 1843 681 1899 Ego
702 1859 785 1890 cur,
806 1842 1016 1897 acquirere
1037 1855 1166 1897 pauca
1278 1841 1331 1879 55

105 1904 149 1945 Si
169 1917 344 1958 possum,
369 1899 581 1957 invideor'?
608 1915 731 1955 quum
753 1900 894 1955 lingua
916 1898 1084 1939 Catonis
1104 1905 1147 1938 et
1169 1895 1277 1937 Enni

105 1960 343 2001 Sermonem
365 1958 536 2012 patrium
557 1956 757 2004 ditaverit,
781 1965 823 1996 et
842 1970 947 1996 nova
965 1969 1099 1995 rerum

103 2015 282 2056 Nomina
301 2013 546 2070 protulerit?
606 2013 755 2061 Licuit,
778 2025 1021 2067 semperque
1041 2009 1192 2058 licebit,

103 2073 318 2127 Signatum
339 2078 537 2125 praesente
558 2070 656 2111 nola
677 2068 898 2123 producere
918 2081 1080 2108 nomen.

105 2128 166 2169 Ut
185 2128 295 2168 silvae
316 2127 420 2168 foliis
442 2141 587 2182 pronos
609 2133 814 2166 mutantur
835 2125 875 2164 in
896 2137 1035 2172 annos,
1281 2123 1334 2160 60

103 2184 240 2225 Prima
261 2184 409 2224 cadunt
421 2198 431 2232 3
463 2183 518 2224 ita
537 2182 751 2223 verborum
772 2189 888 2222 vetus
909 2179 1047 2220 interit
1066 2185 1174 2226 aetas,

104 2240 159 2281 Et
175 2241 371 2293 juvenum
393 2239 473 2280 ritu
494 2238 639 2279 florent
659 2237 778 2278 modo
799 2246 892 2278 nata
911 2236 1145 2290 vigentque.

103 2296 316 2338 Debemur
337 2296 455 2337 morti
475 2310 548 2337 nos
568 2304 782 2349 nostraque
794 2309 804 2342 ;
837 2293 921 2334 sive
942 2299 1127 2346 receptus
