1390 2586
140 114 219 156 128
564 116 931 147 1NTERPRETAT10.
1272 118 1360 160 [aar.

135 212 258 243 ridiculi
273 223 363 243 causa
377 213 519 249 inditum,
534 220 580 243 est
594 213 744 255 Κὶκιρρος
759 213 954 266 ἀλεκτρυών.
969 233 1011 238 -
1026 215 1149 257 [Musa]
1167 218 1222 246 Est
1237 218 1364 268 parodia

138 255 245 285 festiva
262 256 415 285 Homerici
439 255 519 284 illius
537 257 623 286 Iliad.
646 255 681 295 β,
699 258 769 290 484,
786 255 928 288 'Emere
945 259 1008 289 νῦν
1021 270 1076 300 μοι
1092 259 1221 290 Μοῦσαι
1243 257 1361 300 Ὀλυμ-

139 308 201 328 πια
220 295 339 338 δώματ’
363 296 507 337 ἔχουσαι.
518 315 559 319 -
573 297 676 338 [Osci]
700 299 846 329 nominat.
865 301 941 338 plur.
966 301 1093 331 Videtur
1106 302 1225 332 ridiculi
1247 303 1364 340 aliquid

138 341 295 370 inhaesisse
318 340 389 369 huic
412 341 650 370 denominationi
674 342 720 370 vel
743 348 865 380 propter
885 343 1092 373 Atellanarum
1115 354 1258 382 personas
1280 345 1362 374 Buc-

137 393 235 413 conem
258 389 288 412 et
303 384 447 412 Maccum.
460 381 663 423 ——-[domina]
689 384 732 413 M.
755 384 881 414 Favonii
901 385 993 415 vidua
1016 386 1088 416 vivit
1107 387 1206 416 adhuc
1227 387 1364 425 adeoque

136 435 242 455 servus
258 430 302 454 est
317 435 350 454 ac
364 425 429 454 sine
444 431 539 474 patre.

181 468 314 497 58—64.
341 465 425 506 [tua]
450 468 480 496 in
501 478 580 506 pros.
607 478 650 498 or.
676 469 756 498 ‘tuae
781 478 875 498 cornu
895 469 953 499 nisi
973 470 1050 500 foret
1072 476 1225 500 exsectum
1249 471 1362 502 fronti!

138 525 181 531 -—
195 509 255 548 [At
277 507 340 548 illi]
364 511 426 540 Hic
436 526 478 531 —
490 515 521 540 at
536 512 585 540 ille
602 511 683 549 apud
706 517 820 548 poetas,
833 512 996 549 plurimum
1011 513 1042 541 in
1058 514 1201 542 extremis
1215 514 1362 550 versibus,

137 553 301 590 respondet
317 553 493 582 Graecorum
510 551 526 582 ὁ
546 550 682 592 μὲν--ὁ
699 551 793 583 δὲ-
805 551 1018 594 [Campanum]
1034 554 1054 571 “
1066 556 1131 584 Hoc
1146 556 1228 585 enim
1244 556 1329 594 quasi
1346 566 1364 586 a

138 595 249 623 natura
265 595 429 633 Campanis
443 595 505 624 fere
521 596 661 625 omnibus
675 596 764 631 inest,
787 602 821 625 ut
836 596 942 634 capitis
963 597 1147 635 temporibus
1163 608 1280 636 magnae
1296 608 1363 627 ver·

137 646 217 666 rucae
240 637 435 666 innascantur
457 638 489 666 in
509 639 633 666 modum
658 647 814 672 cornuum,
838 648 912 676 quas
935 649 1003 668 cum
1025 639 1118 669 incidi
1139 640 1260 676 faciunt,
1285 641 1364 670 cica-

138 679 228 708 trices
242 679 273 708 in
290 679 388 708 fronte
404 685 529 708 manent
544 680 628 728 quasi
646 686 724 709 notae
739 687 928 710 exsectorum
944 691 1100 711 cornuum.
1145 683 1180 711 ln
1195 683 1278 712 hunc
1292 693 1364 739 ergp

138 723 277 755 morbum,
293 721 324 750 id
340 728 395 758 est,
408 721 493 751 faciei
506 722 623 757 vitium,
634 733 694 760 quo
704 723 851 761 Campani
867 724 1014 759 laborant,
1025 725 1144 762 jocatur
1157 725 1364 754 Sarmentus?

141 764 248 793 Corum.
268 765 357 803 Cruq.
388 744 444 793 'Est
471 764 585 802 primus
608 765 822 803 elephantiasis
846 764 1195 806 gradus.—-[Cyclopa]
1228 769 1282 796 ‘ut
1304 768 1363 796 sal—

139 807 233 835 tando
249 807 422 845 Cyclopem,
447 807 543 836 serum
559 807 693 836 Galateae
715 814 890 841 amatorem,
914 807 1084 838 imitaretur
1106 819 1141 838 ac
1164 809 1365 839 referret!—

139 846 256 888 [larva]
282 849 440 887 Nusquam
456 849 513 878 nisi
528 850 577 879 hic
592 859 646 887 pro
656 851 782 888 persona
797 850 922 888 reperiri
938 851 1065 880 videtur.

181 891 316 926 65—70.
350 889 529 930 [Donasset']
563 892 833 922 ‘Consecrassetne
861 893 893 921 in
919 893 1039 932 signum
1062 893 1209 923 libertatis
1233 900 1364 932 acceptae

138 938 276 962 catenam
294 934 432 969 Laribus,
455 939 488 962 ut
500 934 626 971 ingenui
642 934 728 973 pueri
746 933 882 973 (sumpta
897 935 975 964 virili
992 935 1078 974 toga)
1099 936 1196 965 bullas
1211 941 1240 965 et
1255 937 1364 975 puellae

138 976 267 1014 pupas?
322 975 456 1013 Fugitivi
482 982 583 1005 autem
610 982 640 1006 et
664 977 778 1006 ostiarii
808 978 985 1015 plerumque
1014 978 1154 1007 catenati.
1170 995 1211 1001 —
1227 976 1364 1018 [Nihilo]

138 1017 332 1056 bisyllabum‚
354 1024 388 1047 ut
412 1020 561 1048 vehemens
581 1019 658 1057 Epp.
683 1020 712 1054 2,
735 1020 763 1054 2,
782 1019 850 1049 121).
864 1035 907 1041 —
922 1017 1008 1069 [una.
1013 1021 1119 1049 Farris
1141 1019 1235 1056 libra]
1259 1022 1364 1053 Quum

137 1069 293 1089 servorum
318 1061 494 1089 demensum
518 1067 707 1090 menstruum
730 1062 869 1099 quaterni
890 1063 935 1091 vel
958 1062 1043 1100 quini
1063 1062 1156 1091 modii
1174 1067 1252 1092 esset
1272 1071 1364 1092 xxw.

137 1102 284 1132 librarum
299 1103 421 1140 singuli,
444 1103 627 1132 robustiores
647 1110 808 1141 quaternas
823 1104 870 1133 vel
891 1105 999 1142 quinas
1017 1105 1108 1134 libras
1126 1105 1237 1134 farris
1229 1114 1260 1134 111
1285 1115 1363 1143 pane

138 1150 170 1174 et
189 1146 273 1183 pulte
296 1145 432 1182 quotidie
452 1155 628 1175 consumere
651 1151 799 1184 poterant.
809 1144 1023 1185 —-[Prorsus]
1054 1156 1108 1185 per
1132 1157 1163 1176 se
1189 1147 1363 1185 intelligen-

137 1187 232 1217 dum.
270 1187 320 1216 ‘in
356 1197 486 1224 summa,
522 1197 584 1217 uno
620 1189 739 1224 verbo3'
775 1188 875 1227 potius
906 1198 996 1227 quam
1020 1189 1213 1228 jungendum
1240 1199 1366 1229 prorsus

127 1228 272 1268 jucunde.

180 1272 231 1307 71,
257 1271 308 1306 72.
332 1270 562 1311 [Beneventum]
587 1272 663 1301 Plin.
689 1273 729 1302 H.
755 1273 792 1302 N.
817 1273 848 1311 3,
872 1273 920 1308 16,
954 1274 1148 1312 Hirpinorum
1169 1274 1282 1304 colonia
1305 1284 1366 1303 una

138 1314 348 1350 Beneventum,
372 1316 555 1353 auspicatius
577 1319 689 1344 mutato
711 1318 833 1350 nomine,
855 1325 918 1354 quoe
935 1317 1078 1355 quondam
1100 1317 1250 1354 appellata
1264 1317 1364 1346 Male-

138 1361 264 1386 ventum.
320 1357 346 1385 A
378 1357 493 1387 Caudio
522 1357 654 1386 distabat
678 1365 738 1386 ΧΠ.
762 1357 837 1387 mill.
866 1367 944 1396 pass.
963 1374 1003 1380 —
1022 1355 1156 1398 [hospes]
1194 1359 1362 1388 Construe:

138 1399 255 1437 Hospes
270 1409 356 1438 paene
377 1401 463 1436 arsit,
490 1400 557 1429 dum
575 1403 674 1429 versat
694 1401 794 1429 turdos
813 1410 924 1430 macros
940 1402 971 1430 in
984 1402 1057 1439 igni.
1102 1402 1110 1416 ‘
1122 1401 1226 1432 Quum
1241 1407 1365 1439 propter

140 1441 237 1480 ipsam
262 1442 386 1470 nimiam
412 1442 604 1471 sedulitatem
625 1442 726 1471 minus
746 1448 850 1471 cautus
871 1448 949 1471 esset
971 1443 1088 1480 hospes,
1109 1452 1195 1481 paene
1210 1443 1285 1472 arsit
1300 1444 1365 1482 ejus

139 1485 258 1519 domus,
276 1484 349 1512 dum
365 1485 480 1518 turdos,
496 1490 526 1513 et
541 1494 590 1513 eos
606 1484 740 1522 quidem,
761 1485 791 1513 id
815 1485 895 1522 quod
914 1485 1097 1516 ridebamus,
1113 1494 1229 1514 macros
1244 1485 1366 1515 veribus

139 1527 301 1555 transfixos
317 1526 415 1555 assat!
456 1526 542 1564 Virg.
560 1527 630 1556 AEn.
647 1528 677 1562 2,
693 1526 763 1561 311,
777 1526 845 1565 jam
858 1529 1005 1564 proximus
1020 1528 1106 1556 ardet
1126 1528 1297 1566 Ucalegon.-

183 1569 233 1604 78,
250 1568 299 1604 79.
323 1566 506 1608 [Atabulus]
533 1570 588 1598 Est
603 1575 709 1598 ventus
731 1578 768 1597 ex
791 1569 915 1598 Oriente
938 1569 1021 1604 flans,
1045 1579 1134 1606 quem
1158 1569 1250 1608 Apuli
1273 1569 1364 1599 hodie

139 1612 244 1640 Altino
269 1617 386 1640 vocant.
400 1628 444 1632 ——
459 1609 653 1650 [orep-semus]
680 1611 775 1640 forma
797 1611 944 1640 sermonis
969 1611 1138 1649 quotidiani
1163 1621 1217 1650 pro
1238 1613 1363 1650 erepsis-

139 1663 243 1683 semus.
264 1669 306 1674 —
327 1652 472 1692 [Trivici]
501 1653 633 1692 “oppidi
659 1653 690 1682 in
715 1653 774 1682 fine
804 1653 988 1692 Campaniae,
1012 1663 1072 1691 quo
1094 1654 1233 1683 vehicula
1255 1655 1364 1692 juncta

138 1696 282 1725 accedere
297 1702 472 1733 nequeunt3
497 1705 568 1733 ergo
583 1695 726 1724 Horatius
741 1696 781 1723 ad
796 1696 898 1724 villam
909 1695 1068 1726 devertit.''
1083 1697 1191 1726 Acron.
1222 1696 1258 1725 In
1274 1698 1365 1735 prosa.

138 1747 181 1767 or.
206 1738 278 1766 ‘nisi
296 1738 327 1766 in
345 1738 505 1767 Trivicano
524 1738 804 1775 pernoctassemus.’

181 1780 314 1810 82—84.
332 1776 497 1818 [rapimur]
516 1781 524 1795 ‘
535 1780 690 1809 celerrime
704 1780 864 1809 vehimur!
875 1796 911 1801 -—
926 1778 1094 1820 [oppidulo]
1112 1781 1130 1796 ‘¹
1144 1780 1364 1819 Equotuticum

141 1820 178 1861 (s.
204 1823 314 1851 rectius
338 1823 459 1860 Equum
484 1820 626 1860 tuticum)
651 1822 809 1859 significat,
833 1824 918 1860 cujus
943 1832 1053 1851 nomen
1075 1823 1251 1852 hexametro
1276 1833 1365 1852 versu

139 1865 298 1902 complecti
319 1874 379 1893 non
398 1870 506 1903 potest.
552 1865 616 1893 Hoc
636 1871 736 1893 autem
761 1866 901 1903 exemplo
918 1863 1039 1894 Lucilii.
1083 1865 1162 1894 Nam
1182 1865 1214 1894 in
1234 1866 1364 1903 septimii

140 1907 242 1936 Satira
256 1906 299 1936 sic
313 1907 374 1936 ait:
398 1908 550 1937 Servorum
566 1911 610 1937 est
616 1905 716 1945 festus
730 1908 793 1936 dies
808 1909 865 1942 hic,
888 1908 977 1939 Quem
995 1908 1086 1946 plane
1100 1909 1265 1937 hexametro
1279 1918 1365 1937 versu

140 1960 197 1979 non
219 1950 317 1979 dicere
337 1951 450 1987 possis.-
470 1947 683 1988 (Sigillaria.)’'
707 1950 800 1979 Schol.
845 1950 942 1978 Verus
957 1950 1031 1978 situs
1047 1951 1127 1988 Equi
1145 1951 1232 1979 lutici
1247 1949 1293 1988 (id
1309 1955 1364 1985 est,

139 1992 223 2031 Equi
241 1992 356 2031 magni)
376 1998 497 2021 auctore
514 1991 704 2020 Romanellio
720 2001 780 2021 non
795 1997 841 2021 est
854 1993 1006 2022 Scutuccio
1025 2002 1118 2030 prope
1136 1992 1290 2027 Asculum,
1310 1992 1365 2021 sed

141 2034 171 2063 S.
188 2035 340 2064 Eleulerio
354 2044 377 2063 s.
394 2035 422 2063 S.
439 2034 615 2063 Liberatore
627 2044 720 2072 prope
732 2035 855 2064 Ariane.
866 2050 909 2055 ——
922 2031 1078 2073 [perfacile
1089 2032 1149 2072 est]
1166 2033 1362 2071 ‘designare3'

134 2077 222 2114 ,quod
244 2076 426 2106 eliciendum
449 2082 494 2105 est
517 2086 554 2105 ex
577 2086 604 2104 v.
624 2077 731 2106 dicere.
746 2093 789 2098 -
805 2075 961 2116 [vilissima
981 2074 1095 2116 rerum]
1122 2076 1197 2106 Plat.
1224 2076 1362 2115 Euthyd.

138 2127 168 2157 p.
185 2119 256 2154 304,
274 2119 308 2148 Β.
331 2117 368 2148 τὸ
384 2116 467 2157 ὕδωρ
483 2116 696 2148 εὐωνότατον.

181 2160 314 2195 87-91,
341 2159 486 2200 [Canusi]
513 2161 602 2190 hodie
628 2161 751 2197 Canoso,
776 2161 815 2190 ad
842 2161 986 2190 Aufidum
1013 2160 1045 2189 in
1072 2160 1202 2196 Daunia,
1226 2168 1362 2191 Lxxxw.

140 2203 204 2232 mil.
226 2213 289 2241 pas.
314 2213 332 2232 a
354 2204 528 2233 Benevento
551 2203 674 2232 distans.
690 2219 732 2224 —
748 2202 862 2243 [oquae]
886 2204 1054 2233 Construe:
1078 2205 1130 2242 qui
1146 2204 1224 2233 locus
1244 2203 1363 2242 (Canu-

139 2243 235 2283 sium)
259 2255 315 2274 non
339 2244 430 2284 (unii)
455 2248 531 2275 urnd
557 2256 640 2284 aquae
664 2246 756 2275 ditior
777 2245 883 2284 (quam
909 2245 1087 2284 oppidulum
1113 2254 1138 2275 ν.
1163 2245 1229 2283 87,)
1254 2244 1365 2284 asorti

138 2288 279 2317 Diomede
294 2292 337 2316 est
352 2290 492 2318 conditus.
502 2304 546 2309 --
559 2286 843 2327 [locus—conditus]
859 2295 892 2317 ut
907 2287 1015 2322 Graeci,
1032 2284 1152 2327 χωρίον
1162 2285 1362 2327 κνιζόμενον.

137 2345 180 2352 -—
196 2327 295 2370 [hinc]
311 2330 382 2359 inde
397 2341 415 2360 a
431 2330 572 2367 Canusio,
595 2340 667 2368 non,
690 2336 724 2360 ut
746 2330 797 2360 alii
818 2331 933 2367 volunt,
955 2332 992 2360 ab
1013 2330 1157 2368 oppidulo
1171 2327 1365 2371 ἀμέτρῳ.-
