1390 2586
31 111 112 147 n..
128 114 151 141 ι.
169 105 235 149 ιο.]
479 101 858 135 mimenni-10.
1220 101 1295 144 141

47 211 165 243 metum
185 213 242 245 est,
261 210 297 238 ut
319 204 482 245 aliquoties
503 205 586 244 apud
609 204 788 235 Sallustium
807 203 889 244 (Cat.
907 202 937 239 6,
953 204 1003 234 52.
1021 203 1096 242 Jug.
1114 201 1181 243 87,)
1195 206 1301 244 patria

40 257 252 296 parmaque.
282 249 348 280 Nec
362 250 508 279 exsudare
524 259 631 279 cau-sao
646 249 757 279 Latine
774 248 867 277 ullam
884 248 977 277 habet
992 248 1203 277 difficultatem
1217 259 1224 281 ς
1246 248 1302 277 sed

46 301 130 328 reete
145 295 330 336 explicatum
345 298 392 322 est
407 292 438 322 in
457 293 533 322 Cod.
554 293 664 322 Bland.
680 303 688 322 z
712 293 800 321 ‘cum
818 290 901 320 omni
926 291 1038 320 sudore
1057 291 1166 320 Latine
1181 290 1300 327 recitet,

51 341 163 372 Latine
183 336 443 379 prosum—Q.
468 335 594 370 Pedius,
618 335 699 364 filius
723 345 762 364 ex
787 344 888 364 sorore
909 334 944 364 C.
962 335 978 364 J
985 333 1036 364 ulii
1055 334 1185 364 Caesaris
1207 339 1302 372 atque

50 393 133 414 uuus
146 391 185 414 ex
200 379 363 411 heredibus
378 380 453 419 ejus,
471 387 502 408 Α.
521 387 552 408 υ.
569 387 597 408 c.
614 378 674 414 711
693 383 842 414 mortuus,
867 387 995 407 uxorem
1020 378 1128 407 habuit
1145 377 1302 407 Valeriam

50 433 143 467 atque
162 434 181 456 e
199 423 263 455 filio
277 422 396 455 Quinto
419 427 562 461 nepotem
586 422 698 451 natur&
718 427 849 451 mutum.
895 421 1063 460 Adoptavit
1085 421 1180 459 igitur
1202 420 1303 450 fllium

51 471 182 504 „lurum
195 467 334 498 Messalae
350 466 485 505 majoris,
503 465 556 504 qui
571 465 646 495 inde
663 465 775 494 Pedius
789 465 889 494 dictus
904 470 960 494 est.
986 464 1072 494 Pedii
1088 465 1182 494 frater
1196 464 1303 504 itaque

51 512 203 545 &vinus
215 509 274 540 fuit
288 515 319 539 et
334 515 464 548 uterque
479 508 641 548 Poplicolae
656 517 827 547 cognomen
843 508 961 537 habuit.
993 507 1045 547 (ln
1062 508 1194 546 legendo
1204 509 1304 547 junge

52 554 339 593 MusPoplicola,
349 562 412 582 non
427 552 580 592 Poplicola
594 555 684 591 atque
699 550 867 591 Corvinus.)
878 568 920 573 —
931 551 974 581 M.
990 551 1132 581 Valerius
1150 551 1305 590 Poplicola

52 597 184 631 naula
206 596 367 632 Corvinus,
397 596 514 625 Tibulli
538 595 650 634 fautor,
676 595 791 624 nitidus
817 599 847 625 et
873 596 1020 625 candidus
1040 599 1071 625 et
1094 596 1305 634 quodammodo
1331 609 1335 613 ·

48 639 214 685 merens
237 642 268 670 in
291 639 417 670 dicendo
442 640 628 669 nobilitatem
651 648 734 668 suam
747 649 759 672 ‚·
782 639 896 668 viribus
919 640 1014 668 minor
1028 639 1136 668 Asinio
1159 639 1305 669 Pollione.

52 684 201 721 Quinctil.
231 683 282 718 10,
314 682 341 718 1,
372 681 642 717 lla—Canusii,
674 681 795 720 Apuliae
826 681 949 721 oppido,
983 688 1015 711 et
1044 681 1143 711 Graeci
1171 688 1202 711 et
1233 681 1304 711 Osci

51 727 232 760 nutabant
246 732 278 756 et
294 732 425 764 utroque
440 735 591 761 sermone,
604 725 712 754 Graeco
727 730 759 754 et
774 725 866 764 Osco,
882 726 1058 755 utebantur.
1090 725 1140 754 Sic
1158 725 1306 765 bilingues

52 771 198 804 Brutates
214 768 382 809 (Bruttios)
400 774 524 808 propter
547 769 678 798 eandem
694 778 816 798 causam
841 769 984 798 dixerant
1007 774 1037 798 et
1055 768 1177 798 Ennius
1193 774 1224 798 et
1241 769 1304 798 Lu-

90 815 150 845 ius.

51 814 231 890 mill—35.
257 854 354 895 [mare
382 853 478 895 citra]
502 854 534 885 in
561 852 818 894 ltalia—[Post
844 856 972 885 mediam
994 853 1122 906 noctem]
1161 855 1307 885 Moschus

52 901 87 938 2,
111 902 142 938 2,
166 898 296 936 Νυκτὸς
319 895 372 929 ὅτε
399 897 556 939 τρίτατον
578 895 688 938 λάχος
710 895 857 934 ἰ’σταται,
883 896 1003 940 ἐγγύθι
1029 895 1054 927 δ’
1080 897 1307 937 ἠως,-Εὗτε

55 943 112 976 καὶ
140 939 302 985 ἀτρεκέων
331 940 542 983 vacuatum:
571 940 670 977 ἔθνος
699 940 952 982 &nioman—ln
981 943 1086 972 silvam
1115 944 1199 982 ligna
1218 940 1308 982 ferre

54 986 155 1019 Simile
182 985 376 1026 proverbium
400 985 493 1021 illius,
531 982 650 1025 γλαῦκ’
677 982 710 1021 ἐς
734 982 1116 1026 'A31'1va9—[implere]
1143 986 1192 1016 ‘Si
1219 986 1308 1016 malis

54 1039 169 1071 augere
198 1028 455 1060 innumerabilem
476 1029 655 1058 Graecorum
686 1034 846 1067 poetarum
880 1031 1000 1058 turbam
1030 1029 1173 1068 interque
1199 1029 1309 1059 hoste

53 1074 216 1109 innudens
230 1082 299 1102 eam
314 1071 467 1107 refercit-e,
484 1077 642 1110 tamquam
659 1071 775 1101 nemini
791 1072 919 1110 aliijam
937 1073 1021 1102 locus
1035 1072 1156 1102 futurus
1173 1071 1234 1103 sit!

66 1151 70 1158 Δ
99 1117 151 1153 36,
165 1116 217 1152 37.
242 1114 415 1156 [Tur-gidus
429 1114 576 1155 Alpinus]
603 1115 718 1154 Lepide
743 1115 785 1145 sic
810 1121 935 1145 vocatur
953 1116 995 1146 M.
1015 1117 1126 1146 Furius
1144 1116 1310 1146 Bibaculus

57 1159 284 1195 Cremonensis,
311 1165 401 1189 natus
420 1167 448 1189 Α.
467 1167 499 1189 U.
517 1167 544 1188 C.
559 1158 632 1195 651,
648 1158 701 1197 qui
718 1166 748 1188 Α.
767 1167 799 1188 U.
816 1167 844 1189 c.
857 1159 921 1194 723
936 1169 1034 1189 annos
1050 1159 1092 1194 72
1108 1161 1308 1194 numerabat:

56 1213 130 1235 nam
144 1203 237 1234 etiam
254 1209 328 1232 tunc
342 1212 414 1232 eum
430 1202 462 1231 in
476 1201 551 1231 vivis
565 1202 657 1231 fuisse
672 1202 829 1241 probabile
846 1209 900 1233 est.
930 1203 1082 1232 Praeterea
1097 1210 1312 1242 composuerat

55 1246 282 1287 *AEthiopidem,
306 1245 338 1274 in
363 1247 426 1284 qui
454 1245 640 1281 Memnonis,
668 1245 795 1275 Tithoni
821 1252 851 1276 et
879 1246 1008 1276 Aurorae
1039 1247 1092 1276 filii
1123 1248 1161 1276 ab
1189 1247 1311 1276 Achille

57 1289 222 1325 interfecti,
237 1289 344 1328 primae
360 1294 449 1318 erant
464 1294 574 1328 partes.
620 1289 639 1304 ‘⁶
651 1285 801 1329 Διλόγως
814 1295 918 1319 autem
930 1289 1060 1330 jugulat
1071 1301 1080 1319 :
1104 1290 1148 1319 ita
1172 1300 1310 1329 pugnam

57 1333 143 1364 illam
167 1338 280 1368 narrat,
306 1338 341 1361 ut
362 1332 476 1362 iterum
496 1331 638 1361 videatur
657 1332 824 1362 Memnona
839 1334 985 1372 jugulare
1009 1333 1072 1363 suis
1091 1334 1310 1364 carminibus.”

59 1378 168 1407 Comm.
193 1376 284 1415 Cruq.
330 1375 418 1404 Idem
445 1374 679 1416 πραγματείαν
704 1376 776 1405 belli
801 1376 911 1406 Gallici
937 1386 955 1405 a
980 1377 1100 1406 Caesare
1124 1377 1202 1415 gesti
1226 1387 1310 1407 com-

58 1425 214 1460 posuerat,
236 1419 268 1448 in
285 1419 346 1457 qud
361 1419 520 1457 legebatur
536 1428 641 1448 versus
663 1419 715 1448 ille
736 1418 904 1449 ridiculus:
929 1420 1051 1459 Jupiter
1074 1422 1215 1451 hibernas
1234 1422 1312 1451 cond

59 1465 126 1495 nive
152 1463 287 1502 conspuit
311 1463 405 1501 Abpes
428 1462 509 1501 (Sat.
535 1462 564 1498 2,
590 1463 620 1498 5,
644 1461 712 1501 43.)
738 1468 863 1501 propter
887 1473 979 1501 quem
1003 1464 1105 1502 ipsum
1131 1462 1238 1494 festive
1262 1465 1313 1494 hic

61 1512 190 1538 vocatur
205 1506 345 1545 Alpinus,
369 1506 418 1535 the
434 1506 544 1544 Alpine
562 1510 642 1544 poet.
688 1506 724 1534 ln
742 1506 851 1535 eadem
868 1505 1079 1548 πραγματείᾳ
1101 1513 1167 1537 erat
1189 1508 1314 1546 turgida

60 1549 225 1589 descriptio
247 1550 357 1588 capitis
379 1549 488 1584 Rheni,
515 1549 619 1578 Rheni
644 1549 743 1586 figura
767 1549 799 1578 in
827 1549 983 1588 triumpho
1010 1556 1140 1589 portata,
1165 1551 1314 1590 capillitio

60 1593 150 1630 flavo,
173 1592 274 1632 gentis
299 1601 363 1622 suae
385 1592 505 1626 colore;
538 1598 572 1621 ut
595 1597 640 1621 est
662 1592 751 1622 Ovid.
773 1602 811 1622 ex
837 1593 935 1622 Ponto
957 1593 985 1629 4,
1005 1594 1035 1630 3,
1057 1594 1126 1630 107,
1151 1593 1325 1635 Squalidus

61 1634 326 1676 immissossracta
347 1637 402 1666 sub
424 1636 572 1666 arundine
591 1637 688 1666 crines
704 1636 826 1666 Rhenus
847 1641 878 1667 et
898 1634 1025 1676 infectas
1046 1639 1193 1677 sanguine
1212 1643 1314 1678 portet

61 1690 166 1720 aquas.
212 1679 371 1710 Attributo
396 1684 478 1708 certe
501 1679 575 1709 lutei
598 1679 663 1718 ipse
687 1678 800 1709 Furius
826 1690 899 1709 usus
923 1687 999 1716 erat,
1027 1688 1214 1721 quapropter
1239 1682 1270 1712 h.
1293 1683 1313 1712 l.

61 1724 190 1758 ridetur.
234 1723 370 1762 Defingit
383 1728 504 1753 autem:
531 1724 538 1738 ‘
551 1732 678 1761 operose
694 1729 724 1752 et
740 1721 933 1760 κακοζὴλως
948 1724 1070 1763 format,
1085 1725 1250 1755 describit.’

106 1766 160 1802 38,
175 1765 226 1802 39,
253 1763 355 1806 [ludo]
378 1767 386 1781 ‘
401 1765 531 1795 Missum
548 1765 662 1795 faciens
679 1776 789 1805 poema
807 1767 964 1797 heroicum
979 1774 1010 1797 et
1029 1769 1224 1808 tragoediam,
1248 1779 1314 1799 ser-

0 1819 1 1829 *
62 1819 182 1846 mones,
201 1809 354 1838 ludicrum
377 1808 477 1847 poesis
500 1818 608 1847 genus,
627 1819 685 1847 ego
705 1811 835 1839 excolo!
851 1827 895 1831 —
917 1809 966 1850 [in
988 1812 1068 1850 oede]
1097 1812 1130 1841 in
1154 1813 1269 1851 templo
1291 1822 1314 1842 s.

47 1853 176 1889 -oacello
201 1852 305 1890 aliquo
329 1851 499 1888 Musarum,
515 1857 550 1881 ut
572 1852 679 1882 dicunt
702 1853 889 1883 Scholiastae.
936 1855 1032 1884 AEdes
1055 1861 1138 1885 certe
1163 1856 1316 1895 Apollinis

63 1895 198 1929 Palatini
227 1901 293 1924 tum
323 1896 461 1924 nondum
491 1895 632 1926 dedicata
661 1895 943 1937 eran—[Tarpa]
978 1898 1031 1938 Sp.
1063 1899 1172 1928 Maecio
1204 1900 1318 1938 Tarpa,

46 1943 188 1979 *nummo
209 1938 332 1968 illorum
355 1943 530 1977 temporum
552 1939 656 1969 critico
680 1938 736 1979 (A.
754 1940 785 1970 Ρ.
801 1940 891 1980 387),
910 1941 959 1970 cui
976 1943 1041 1981 Jam
1061 1952 1078 1971 a
1094 1943 1151 1972 Cn.
1169 1942 1318 1982 Pompeio

44 1982 184 2021 &Magno
212 1990 242 2012 Α.
261 1989 293 2011 u.
309 1989 338 2010 c.
354 1981 426 2017 699,
455 1982 576 2012 Horatii
601 1992 673 2012 vero
699 1989 837 2022 tempore
861 1994 879 2014 a
903 1985 1024 2015 eaesare
1052 1985 1222 2015 Octaviano
1246 1995 1318 2016 cum

42 2025 136 2062 [k'fflliis
151 2025 288 2065 quinque
307 2023 465 2064 judicibus
481 2026 799 2064 curajudicandarum
816 2027 988 2057 fabularum
1005 2038 1040 2058 ac
1054 2029 1220 2058 mimorum
1236 2039 1319 2059 com-

44 2068 163 2104 ’emissa
183 2074 259 2104 erat,
279 2078 348 2107 quae
371 2068 429 2097 nisi
453 2069 491 2098 ab
515 2068 553 2098 iis
572 2070 784 2108 probarentur,
808 2070 840 2100 in
861 2081 984 2101 scenam
1007 2082 1068 2101 non
1090 2072 1319 2104 deferebantur.

72 2112 180 2144 comm.
197 2112 288 2151 Cruq.
334 2112 381 2141 Ea
402 2121 476 2141 cura
494 2116 585 2141 antea
607 2111 707 2142 fuerat
729 2113 887 2150 aedilium;
910 2115 963 2144 sed
984 2114 1131 2144 intererat
1148 2115 1319 2152 Octaviani,

46 2157 112 2191 ψ
134 2155 304 2195 quidquam
330 2164 384 2194 per
407 2154 518 2184 mimos
537 2156 707 2194 praesertim
732 2157 764 2186 in
787 2157 910 2187 civitate
938 2160 1066 2187 ‘cuncta
1086 2158 1318 2198 interpretante'

44 2191 188 2240 (flacit.
206 2198 287 2228 Hist.
302 2198 332 2234 2,
346 2195 414 2236 91.)
438 2198 559 2237 publice
583 2198 781 2237 proferretur,
797 2202 880 2240 quod
900 2201 933 2230 in
956 2201 1053 2240 ipsius
1077 2202 1320 2234 dominationem

47 2246 108 2276 ’Ἢ
120 2251 221 2272 mores
236 2241 371 2280 maligne
386 2241 563 2280 detorqueri
578 2248 688 2280 posset.

55 2293 80 2317 ’ί
137 2283 187 2322 40,
215 2285 266 2315 41.
299 2283 454 2324 [Arguta‘]
487 2285 628 2321 ‘estufin’
659 2290 694 2315 ut
723 2286 802 2326 Epp.
830 2287 858 2325 1,
885 2287 934 2323 14,
960 2287 1011 2323 42,
1038 2293 1165 2328 argutus
1189 2290 1262 2320 calo.
1279 2307 1323 2313 —

51 2324 235 2368 {tuomque
260 2326 433 2368 Chremeta]
458 2338 596 2368 personae
622 2329 748 2359 Andriae
771 2331 975 2361 Terentianae.
990 2347 1034 2352 —
1050 2330 1170 2373 [comis]
1195 2333 1323 2372 antique

74 2373 247 2410 tumes,
264 2373 272 2388 ⁶
285 2371 397 2403 hilares
419 2378 512 2411 atque
534 2372 674 2412 lepidos:
721 2373 791 2404 Non
817 2379 864 2405 est
889 2375 1018 2406 vocativ.
1033 2375 1110 2415 sing.
1126 2386 1153 2407 v.
1170 2377 1322 2408 Fundani.
