1390 2586
331 239 334 242 Α
389 271 1026 321 INTERPRETATIO.

491 519 663 558 LIBER
693 518 921 557 PRIMUS.

601 628 764 659 SATIRA
790 628 816 658 1.

78 715 220 748 Anevu.
245 715 367 746 Festive
389 715 591 756 reprehendit
611 721 704 755 poeta
719 715 883 746 ridiculam
906 715 990 745 illam
1005 711 1259 757 μεμψιμοιρίαν,
1283 715 1347 755 qua

71 760 218 800 <plerique
230 760 399 798 aequalium
410 769 536 789 suorum
549 759 948 798 laborabant,conjunctam
960 769 1082 798 semper
1094 769 1163 788 cum
1178 759 1241 788 acri
1251 759 1284 788 in
1294 769 1348 789 eos

77 803 210 842 invidis,
224 804 338 842 quibus
352 813 390 833 ex
408 803 531 832 illorum
548 803 696 842 opinione
711 803 822 833 melior
838 813 903 832 sors
919 802 1081 841 obtigerat.
1125 803 1226 841 Hujus
1241 808 1349 832 autem

77 847 192 886 morbi,
213 856 288 877 sane
312 847 359 877 vel
383 846 510 876 maximi
534 846 605 876 vitae
631 848 729 876 beatae
754 846 982 886 impedimenti,
1008 845 1196 885 praecipuam
1222 856 1349 876 causam

78 890 160 921 hanc
182 900 248 921 esse
271 889 356 927 dicit,
379 891 461 929 quod
485 890 601 927 insigni
624 891 760 928 quadam
781 890 914 920 stultitia
935 890 1055 929 abrepti
1080 889 1226 928 permulti
1250 895 1349 920 totam

78 943 136 974 per
150 933 246 964 vitam
262 933 339 964 nihil
355 934 440 964 aliud
455 938 560 972 agant,
583 943 677 973 quam
695 939 729 963 ut
744 944 931 972 quocunque
950 934 1043 962 modo
1064 933 1229 972 pecuniam
1246 943 1350 963 corra-

81 979 167 1014 dant,
190 977 373 1016 conquisitis
396 983 499 1007 tamen
525 987 687 1016 nunquam
710 977 864 1013 fruantur,
890 977 968 1007 illud
991 977 1139 1006 nimirum
1164 977 1292 1014 causati,
1317 986 1350 1007 se

78 1021 210 1060 Ἴιιὶιοὶιὶω
231 1021 399 1051 senectutis
419 1021 517 1059 quieti
542 1030 635 1058 nunc,
661 1031 759 1060 quum
781 1026 904 1060 tempus
921 1020 970 1055 sit,
992 1020 1179 1060 prospicere.
1226 1021 1350 1050 Primus

80 1070 186 1095 nutem
205 1074 317 1101 onnus,
341 1074 403 1103 quo
424 1065 490 1094 haec
513 1064 608 1094 natira
632 1064 776 1104 componi
801 1064 912 1104 potuit,
940 1064 1000 1094 suit
1022 1072 1053 1093 υ.
1070 1062 1098 1093 c‘.
1121 1063 1194 1099 716.
1235 1064 1350 1094 Kirch-

80 1117 176 1138 uerus
190 1107 284 1138 refert
295 1108 336 1138 ad
354 1117 385 1138 A.
402 1116 433 1138 υ.
451 1116 480 1138 c.
497 1107 570 1143 719.

128 1150 218 1182 1—2.
245 1151 313 1182 ‘Ut
334 1161 427 1181 nemo
449 1157 613 1193 contentus
633 1150 718 1180 vivat
741 1151 795 1181 illa
816 1155 896 1181 sorte
952 1151 1070 1180 :vitoe
1094 1148 1235 1191 genere}
1257 1160 1352 1190 quam

78 1201 206 1231 sortem,
221 1195 287 1231 8111,
303 1195 358 1225 sed
377 1197 579 1235 unueqm'sque
600 1194 716 1229 laudet,
733 1194 800 1224 &c.'
843 1195 1055 1242 Unusquisque
1078 1202 1160 1224 recte
1184 1194 1352 1230 omittitur,

84 1239 349 1278 quemadmodum
365 1239 449 1278 apud
466 1239 591 1268 Graecos
606 1245 675 1277 post
691 1235 810 1275 ουδείς,
823 1234 949 1277 μηδείς,
965 1234 1114 1273 ἕκαστος.
1139 1239 1177 1268 Β.

126 1281 156 1312 3.
181 1281 326 1313 laudare
345 1280 509 1321 :selle-em
534 1283 716 1331 praedicare,
744 1279 906 1320 ὀλβίζων,
934 1279 1141 1322 μακαρίζειν.
1176 1282 1218 1312 Β.
1230 1279 1355 1322 -[ἅ1’-

83 1322 189 1365 versa]
211 1327 219 1342 ‘
234 1325 363 1355 Prorsus
378 1325 518 1364 opposita
533 1331 563 1354 et
578 1325 733 1355 contraria
749 1326 813 1355 suis
828 1325 961 1355 studiis.'

127 1369 159 1405 4,
174 1369 205 1399 5.
224 1366 356 1409 [Gravis
369 1366 505 1408 annis*]
533 1368 623 1398 Miles
638 1368 865 1407 stipendiorum
882 1368 972 1398 initio
984 1378 1022 1398 ex
1039 1369 1145 1408 praeda
1157 1369 1205 1398 vel
1218 1379 1256 1399 ex
1270 1368 1353 1408 agris

80 1410 281 1450 assignandis
296 1411 419 1442 divitias
434 1421 467 1442 se
484 1418 665 1451 paraturum
680 1412 850 1450 aliquando
864 1418 1022 1451 sperarat3
1049 1418 1080 1442 at
1100 1418 1170 1451 post
1192 1413 1356 1452 complura

86 1455 250 1506 stipendia,
273 1465 370 1495 quum
386 1456 452 1495 jam
467 1462 558 1485 aetate
579 1456 753 1494 provectior
774 1465 830 1485 nec
852 1456 926 1486 dum
943 1456 1029 1485 dives
1046 1455 1143 1485 factus
1160 1462 1217 1493 est,
1235 1456 1356 1486 invidet

87 1498 262 1537 mercatori,
281 1498 333 1538 qui
350 1500 460 1529 eodem
478 1499 524 1528 vel
541 1499 662 1528 minore
678 1498 772 1528 etiam
789 1505 928 1538 tempore
944 1499 1082 1538 locuples
1098 1499 1195 1529 factus
1211 1506 1268 1529 est.

129 1541 160 1578 7.
187 1541 291 1583 [Quid
304 1539 426 1583 enimf]
451 1542 539 1580 quasi
561 1545 767 1581 sequeretur‘
779 1548 886 1572 contra
906 1542 1001 1578 dices,
1026 1541 1188 1582 objicies?
1235 1543 1294 1573 Est
1315 1552 1356 1573 ex

79 1594 230 1616 sermone
245 1586 440 1625 quotidiano,
455 1591 488 1615 ut
502 1584 535 1615 τί
550 1582 632 1627 γάρ·
659 1587 731 1622 πῶς
748 1584 813 1627 γὰρ
830 1584 885 1621 οὖξ
900 1602 942 1608 -—
955 1584 1052 1626 [horae
1068 1584 1256 1627 momento]‘
1269 1586 1358 1617 brevi

86 1629 172 1659 horae
195 1635 346 1669 tempore,
369 1635 484 1668 puncto
501 1629 670 1669 temporis.’
717 1630 812 1659 Schol.
846 1630 926 1669 Epp.
945 1630 974 1663 2.
992 1630 1022 1664 2,
1043 1629 1091 1664 17,
1113 1635 1224 1669 puncto
1238 1631 1358 1661 mobilis

87 1673 179 1703 hora.
225 1672 293 1704 Liv.
316 1673 349 1709 5,
374 1673 404 1710 7,
427 1674 508 1703 horae
531 1677 675 1704 momento
703 1674 795 1703 simul
823 1683 966 1714 aggerem
993 1684 1030 1703 ac
1055 1675 1158 1704 vineas
1185 1675 1358 1705 incendium

86 1716 200 1747 hausit.

130 1759 163 1790 8.
187 1760 208 1776 ‘⁴
221 1758 359 1799 Simplex
375 1764 431 1790 aut
444 1768 479 1786 =
497 1760 570 1790 ‘aue
590 1759 701 1790 etiam?
726 1759 763 1789 1n
780 1763 933 1790 aut—aut
954 1769 1002 1790 res
1021 1762 1111 1800 aequd
1132 1762 1249 1791 ratione
1271 1770 1358 1791 com-

88 1808 269 1842 ponuntur:
292 1803 326 1833 in
346 1802 480 1843 simplici
503 1808 557 1834 aut
578 1803 612 1833 fit
634 1803 819 1843 plerumque
839 1804 998 1834 descensus
1015 1815 1034 1834 a
1050 1803 1163 1844 majore
1187 1805 1229 1834 ad
1248 1806 1358 1835 minus.

91 1845 215 1882 Nautae,
239 1846 293 1885 qui
320 1847 474 1886 desperat,
498 1846 626 1877 victoria
650 1857 711 1876 non
738 1846 840 1886 potior
862 1847 997 1883 videtur,
1029 1849 1083 1877 sed
1110 1848 1143 1877 in
1167 1848 1230 1878 cita
1258 1854 1358 1878 morte

84 1890 231 1919 omnium
248 1889 443 1919 miseriarum
456 1890 552 1920 finem
568 1890 718 1928 agnoscit,
740 1890 900 1929 additque,
915 1901 983 1931 quae
998 1902 1055 1921 non
1074 1896 1136 1921 tam
1158 1896 1243 1922 certa
1254 1895 1359 1930 putat,

90 1937 146 1963 aut
162 1932 290 1963 victoria
306 1933 388 1970 laeta,
402 1934 410 1949 ‘
422 1943 456 1963 or
470 1933 559 1964 even'
577 1933 602 1973 (‘
615 1944 649 1963 or
667 1934 823 1973 possibly:
842 1937 850 1950 ‘
863 1944 897 1965 or
918 1936 942 1965 it
958 1945 1028 1975 may
1045 1934 1113 1974 be')
1131 1946 1150 1965 α
1166 1932 1276 1975 jofful
1295 1937 1359 1966 vic-

91 1976 213 2016 tory.'”
259 1974 400 2017 (Hand’s
417 1977 549 2007 Tursell.
564 1977 586 2007 i.
603 1987 634 2016 p.
649 1977 723 2013 535,
739 1976 829 2016 536.)

133 2019 250 2050 9—12.
269 2018 374 2060 [Juris
388 2020 544 2060 legumque
554 2018 692 2060 peritus]
726 2021 795 2050 Non
809 2019 1359 2061 legibusdumtaxatjuscontinetur,

91 2063 147 2097 sed
162 2063 256 2094 etiam
271 2065 399 2094 senatus
416 2064 574 2099 consultis,
591 2063 699 2094 edictis
716 2063 965 2114 magistratuum,
986 2065 1141 2103 responsis
1157 2066 1359 2104 prudentum.

84 2103 290 2157 [consultor]
307 2105 362 2146 qui
384 2106 471 2137 litem
491 2107 612 2137 habens
627 2108 888 2146 jureconsultum,
905 2109 1007 2138 virum
1022 2109 1159 2147 aliquem
1176 2108 1362 2148 primarium

91 2149 227 2180 civitatis
243 2151 275 2180 in
290 2150 369 2180 atrio
386 2151 497 2180 domos
514 2160 578 2180 suae
594 2150 626 2180 in
643 2150 720 2180 solio
735 2151 908 2189 sedentem,
930 2152 1030 2191 primo
1048 2162 1139 2181 mane
1156 2152 1230 2189 adit,
1251 2157 1286 2183 ut
1300 2152 1362 2183 sibi

93 2193 155 2224 de
141 2203 214 2234 Jure
229 2194 417 2235 respondeat
431 2194 652 2233 actionumque
668 2193 814 2224 formulas
829 2195 1049 2234 praescribat†.
1086 2193 1261 2236 [Vadibus]
1299 2197 1329 2227 V
1326 2206 1362 2227 as

128 2279 144 2296 ⁸
162 2279 278 2305 Tbeocr.
296 2279 338 2310 24,
361 2280 418 2311 loo,
437 2280 523 2314 βαρυς
535 2279 679 2308 ἐνιαυτοῖς.
715 2280 793 2313 Virg.
806 2281 871 2306 AEn.
883 2281 909 2312 9,
922 2281 980 2313 246,
1000 2281 1058 2306 Hic
1073 2282 1167 2314 ,oravit
1181 2282 1264 2307 annio
1281 2283 1363 2315 atque

94 2314 182 2342 enimi
194 2315 318 2339 maturus
329 2314 429 2340 Aleten.

130 2348 144 2377 †
162 2346 198 2372 111
213 2347 348 2380 gallicinii
365 2350 491 2381 tempore
509 2347 628 2374 ridicula
644 2348 793 2380 hyperbole
810 2348 892 2380 inest,
911 2350 941 2374 ut
958 2348 989 2374 in
1006 2348 1062 2375 illis
1075 2348 1130 2375 Cic.
1141 2356 1192 2382 pro
1204 2349 1316 2375 Muren
1335 2350 1360 2380 9,
