1390 2586
370 112 690 141 EmsTOLAnnM
716 112 805 141 Lm.
829 113 859 140 1.
884 101 948 140 16.
1235 103 1290 143 73

39 214 108 258 Ad
129 229 239 258 mare
259 229 385 271 quum
408 214 515 265 veni,
537 229 783 272 generosum
804 222 846 256 et
865 214 959 256 lene
979 213 1156 270 requiro,

40 273 165 323 Quod
185 287 300 315 curas
318 271 471 328 abigat,
494 272 603 328 quod
624 287 716 314 cum
738 287 810 328 spe
831 271 957 314 divite
978 279 1117 313 manet

39 330 91 373 In
138 344 263 372 venas
310 329 575 386 animumque
628 345 779 380 meum,
830 330 937 385 quod
987 329 1112 371 verba
1166 330 1288 372 mini-

149 395 263 430 stret.
1231 390 1287 429 20

39 444 216 488 Tractus
237 452 328 487 uter
347 444 485 500 plures
505 445 678 501 lepores,
702 454 792 488 uter
814 446 961 487 educet
979 459 1110 501 apros,

41 502 148 545 Utra
168 499 298 559 magis
318 502 449 558 pisces
469 511 512 544 et
533 502 698 544 echinos
718 518 882 559 aequora
902 503 1047 552 celent,

42 559 217 616 Pinguis
238 568 284 602 ut
302 559 398 601 inde
420 560 585 601 domum
606 561 755 616 possim
781 561 1016 617 Phaeaxque
1037 561 1213 611 reverti;

43 617 231 659 Scribere
252 625 293 659 te
314 617 444 668 nobis,
468 618 542 660 tibi
563 633 636 659 nos
656 618 882 668 accredere,
905 634 978 675 par
998 627 1072 661 est.

42 674 240 724 Maenius,
264 683 320 725 ut,
344 675 465 716 rebus
485 675 678 717 maternis
697 685 821 732 atque
843 676 1022 732 paternis
1235 680 1290 719 25

42 732 223 774 Fortiter
242 732 479 789 absumptis,
505 733 682 774 urbanus
703 734 828 790 coepit
848 733 1001 784 haberi,

45 790 194 832 Scurra
213 805 354 847 vagus,
378 805 458 832 non
482 790 551 847 qui
573 800 728 832 certum
750 806 931 848 praesepe
953 800 1125 843 teneret,

29 846 280 904 ,Impransus
301 863 380 888 non
404 847 475 904 qui
496 848 626 890 civem
649 848 909 905 dignosceret
928 849 1057 900 hoste,

26 951 32 958 s
45 903 257 954 Quaelibet
276 904 317 946 in
340 906 526 962 quemvis
546 907 763 962 opprobria
783 907 939 963 fingere
960 923 1104 958 saevus,

35 962 256 1004 'Pernicies
277 970 319 1004 et
339 971 557 1018 tempestas
581 964 895 1020 barathrumque
917 965 1089 1015 macelli,
1238 968 1295 1008 30

46 1019 258 1076 Quicquid
279 1020 508 1076 quaesierat,
531 1021 663 1062 ventri
684 1021 860 1063 donabat
879 1037 1012 1065 avaro.

47 1076 144 1127 Hic,
169 1077 236 1119 ubi
258 1078 453 1134 nequitiae
474 1079 698 1121 fautoribus
719 1088 761 1121 et
781 1079 933 1121 timidis
954 1081 1012 1122 nil

47 1135 136 1177 Aut
154 1135 336 1191 paullum
357 1136 591 1186 abstulerat,
614 1136 772 1193 patinas
793 1137 979 1180 coenabat
1000 1138 1139 1190 omasi,

46 1191 154 1234 Vilis
175 1201 217 1235 et
236 1192 412 1250 agninae,
435 1194 564 1236 tribus
585 1194 688 1236 ursis
708 1194 818 1250 quod
838 1196 934 1237 satis
955 1205 1084 1244 esset3

49 1249 255 1292 Nimirum
276 1250 342 1292 hic
362 1266 440 1307 ego
461 1267 573 1293 sum:
605 1267 698 1294 nam
720 1261 808 1294 tuta
829 1261 870 1294 et
890 1254 1058 1309 parvula
1078 1254 1211 1306 laudo,
1242 1258 1300 1297 35

50 1307 192 1357 Quum
214 1323 278 1349 res
298 1307 506 1359 deficiunt,
528 1309 625 1351 satis
645 1309 752 1352 inter
772 1310 867 1352 vilia
888 1311 1023 1354 fortis:

49 1363 205 1407 Verum
228 1365 299 1406 ubi
320 1365 418 1421 quid
441 1366 585 1408 melius
606 1367 808 1424 contingit
828 1378 869 1410 et
890 1369 1065 1420 unctius,
1087 1369 1195 1412 idem

50 1422 138 1464 Vos
157 1437 299 1479 sapere
320 1431 362 1465 et
381 1423 486 1465 solos
506 1423 571 1466 aio
591 1424 698 1466 bene
719 1425 869 1476 vivere,
888 1441 1060 1482 quorum

53 1479 316 1537 Conspicitur
335 1481 476 1524 nitidis
495 1482 665 1524 fundata
685 1484 860 1539 pecunia
879 1484 998 1527 villis.

293 1730 510 1759 EPISTOLA
539 1731 750 1759 xvh—AD
782 1731 1060 1772 QUINCTIUM.

57 1821 124 1864 Ne
144 1824 408 1879 perconteris,
429 1824 580 1866 fundus
600 1840 728 1875 meus,
752 1824 906 1881 optime
929 1826 1116 1878 Quincti,

56 1881 170 1922 Arvo
190 1890 328 1936 pascat
348 1881 504 1932 herum,
526 1897 578 1924 an
600 1882 732 1924 baccis
753 1883 966 1938 opulentet
986 1884 1117 1936 olivae,

39 1934 266 1988 {Pomisnffi
287 1954 338 1980 an
362 1940 499 1995 pratis,
521 1955 572 1981 an
593 1940 742 1982 amicta
763 1940 914 1983 vitibus
935 1942 1069 1984 ulmo:

39 1993 270 2048 ffiScribetur
291 1996 364 2038 tibi
386 1996 514 2038 forma
534 1997 771 2054 loquaciter,
795 2006 837 2040 et
856 1999 956 2041 situs
976 2000 1078 2058 agri.

38 2051 255 2094 {Continui
278 2062 451 2104 montes,
474 2054 517 2095 ni
537 2055 805 2097 dissocientur
825 2057 951 2112 opaca
1277 2064 1303 2102 5

58 2106 178 2152 Valle
190 2126 201 2160 ;
232 2111 303 2152 sed
325 2119 371 2152 ut
390 2112 560 2153 veniens
580 2112 768 2155 dextrum
791 2113 895 2156 latus
915 2114 1113 2170 adspiciat
1132 2116 1204 2168 sol,

99 2181 230 2209 aevum
252 2167 454 2211 decedens
475 2185 594 2211 curru
614 2170 800 2226 fugiente
821 2181 1001 2227 vaporet.

37 2225 39 2231 '
103 2225 326 2281 emperiem
347 2226 498 2268 laudes.
560 2226 686 2277 Quid,
719 2228 752 2269 si
775 2228 1000 2271 rubicunda
1020 2229 1200 2288 benigne

39 2335 42 2337 ‚
101 2297 200 2325 orna
219 2298 363 2340 vepres
385 2292 427 2326 et
443 2299 576 2340 pruna
596 2284 760 2327 ferant?
789 2285 822 2326 si
845 2301 1018 2341 quercus
1039 2295 1081 2330 et
1101 2289 1183 2332 ilex

43 2340 66 2369 ’ἲ
120 2339 202 2382 ultfi
223 2342 343 2399 fruge
364 2357 502 2399 pecus,
525 2342 653 2385 multa
674 2342 884 2385 dominum
900 2344 1020 2400 juvet
1039 2346 1214 2391 umbra?
1259 2351 1309 2390 10

39 2405 58 2475 Ξ
1057 2417 1082 2445 Ε
