1390 2586
63 0 169 80 Ψ

46 81 147 150 23³¹}-
161 106 230 152 IL]
467 105 840 137 INTERPRETATIO.
1193 105 1277 146 215

70 209 216 245 {Os-fl.
259 205 440 251 [mum]
479 207 614 237 Stoicum
638 207 707 237 hoc.
752 206 873 236 Arrian-
898 205 1030 245 Epictet.
1059 206 1089 242 4,
1117 205 1144 242 l,
1163 206 1216 241 59,
1239 206 1277 236 de

45 248 153 292 {Q
173 262 253 295 quoa
267 253 427 284 dicebant:
460 248 564 287 οὕτως
586 248 824 286 οὖν’πολλοὺς
847 247 974 290 κυρίους
999 248 1136 291 ἔχομενς
1173 247 1277 280 Οὕτω.

41 310 49 316 ·-
64 295 204 331 ubl-ne
226 296 321 336 igitur
341 295 424 325 inter
446 295 602 334 praecipua
629 294 724 324 animi
749 295 830 323 bona
853 293 1015 323 referenda
1040 299 1103 328 est,
1137 294 1200 332 quii
1223 293 1276 332 qui

42 339 234 375 manmit
249 339 336 371 diviti
358 338 450 368 alicui
471 342 502 368 et
523 338 652 377 potenti,
674 342 836 377 propterea
860 337 942 375 quod
958 337 1116 375 improbus,
1139 337 1199 366 hoc
1218 341 1276 372 est,

32 382 231 422 ¹¹inodietts,
259 383 492 421 intemperatus,
524 381 581 411 sua
606 386 687 411 sorte
713 389 872 419 nunquam
903 385 1066 410 contentus
1095 385 1151 416 est,
1182 379 1280 410 nimia

182 432 215 457 et
234 431 320 456 vasta
343 424 536 464 appetit.’-
552 421 654 464 [olim]
688 424 720 453 in
745 423 864 453 fabellis
883 429 914 453 et
933 424 1099 462 exemplis:
1125 423 1178 453 ‘ut
1202 423 1280 453 solet

27 468 163 504 ‘ffljn
186 470 298 508 calceo,
319 469 372 508 qui
395 468 421 498 si
443 469 542 507 major
564 468 643 507 pede
666 472 721 504 est,
745 466 827 501 facit,
855 472 889 497 ut
913 467 1001 496 humi
1024 467 1232 506 prolabamur,
1254 467 1280 496 si

35 513 150 551 «nh-r.
173 513 283 553 pedem
307 511 489 550 constringit
509 516 541 541 et
563 511 667 542 dolore
690 520 744 540 nos
767 509 880 540 afficit!
930 511 1004 541 Uret
1024 515 1129 540 autem
1150 515 1281 546 rectum,

39 563 104 593 a.
123 554 276 597 gio-sema
299 559 397 595 urget.
443 555 580 594 Propert.
605 554 634 591 4,
659 553 690 589 3,
712 553 762 588 23,
795 553 856 583 Dic
875 554 956 590 mihi,
988 564 1056 584 num
1081 558 1196 584 teneros
1218 555 1283 584 urit

30 601 133 637 m
158 600 312 630 Mentor?
356 599 502 628 Ceterum
530 597 697 627 admodum
727 597 872 636 frequens
897 603 943 627 est
971 597 1054 636 apud
1081 597 1281 636 philosophos

27 642 320 683 .ffl›mparatio.
359 641 486 672 Lucian.
504 641 562 670 Pro
580 641 698 679 lmagg.
715 639 763 675 10,
787 640 832 680 μὴ
857 636 937 681 ὑπὲρ
958 638 1019 671 τὸν
1035 638 1122 671 πόδα
1143 638 1226 671 ἔστω
1243 639 1280 671 τὸ

28 687 30 691 ’
93 693 203 727 ‘unm’
217 684 264 726 μὴ
279 683 333 716 καὶ
349 682 545 725 ἐπιστομίσῃ
558 693 606 724 με,
621 682 732 724 φησίν,
746 681 1038 725 ἐμπεριπατοῦσαν
1051 681 1154 724 αὐτῷ.

56 727 131 809 ffi-
155 726 303 769 [Cogere]
326 729 357 758 h.
367 729 387 758 l.
405 729 599 766 ‘congeret-e,
614 727 813 757 coacervare!

121 794 131 804 .
168 770 319 812 [Imperat
342 775 396 802 aut
410 768 518 811 servit]
551 774 558 787 ‘
573 770 667 800 Prout
686 779 842 809 possessor
861 775 928 800 est:
951 770 974 800 si
996 769 1129 809 sapiens,
1149 770 1282 809 pecunia

71 833 78 849 ς
103 827 116 840 ³·
137 815 267 846 inservit
282 815 353 845 vitae
368 813 655 850 necessitudinibus,
679 813 806 843 utilibus
822 813 963 853 inceptis,
980 813 1137 844 beneficiis
1152 813 1186 843 in
1205 813 1282 844 alios

46 879 60 893 4
94 872 118 884 ει·
149 859 250 894 ·ndis;
273 858 298 888 si
313 858 435 895 stultus,
460 857 489 888 ei
507 857 649 896 imperat,
673 862 708 886 ut
728 857 871 886 dominus
891 867 988 893 servo,
1013 857 1056 887 ita
1071 863 1116 893 ut,
1141 857 1281 896 quamvis

26 903 35 911 “’
102 903 147 933 uti
172 907 317 941 nequeat,
342 906 445 931 tamen
470 902 535 940 ejus
561 910 683 940 semper
706 901 856 939 augendae
881 901 973 930 causa
997 901 1158 939 quidlibet,
1187 900 1281 930 etiarn

36 959 50 978 ῃ
68 967 76 972 .,
102 945 267 976 ersissima
291 954 431 984 quaeque,
454 944 487 974 in
508 953 542 974 se
562 944 716 983 suscipere
733 944 892 982 multoque
916 954 986 973 cum
1011 944 1114 973 labore
1135 944 1282 982 perficere

29 999 35 1002 ·
66 1025 69 1029 ¹
128 988 186 1019 ur.’
227 989 385 1028 Frequens
404 987 574 1018 sententia:
598 987 726 1017 Publius
743 988 839 1027 Syrus
858 987 931 1024 998,
953 988 1088 1018 Pecunia
1102 991 1146 1018 est
1161 988 1284 1024 ancilla,

114 1033 122 1040 '
150 1032 212 1067 uti,-
231 1033 259 1062 si
273 1033 378 1067 nescis,
392 1033 473 1061 hera.

110 1079 115 1101 ι’
169 1072 327 1115 [rmum]
376 1074 537 1104 Sententia
564 1083 620 1113 per
648 1083 681 1103 se
706 1074 806 1104 clara:
840 1075 849 1091 ‘
871 1073 1010 1103 Pecunia
1036 1074 1129 1104 debet
1153 1083 1220 1103 esse
1246 1083 1284 1104 ea

38 1115 199 1154 fuum,
235 1124 271 1148 ut
297 1118 341 1148 ita
370 1118 481 1154 dicam,
518 1117 619 1147 vitalis
648 1127 728 1156 para,
761 1127 830 1156 quae
858 1123 1008 1152 movetur,
1040 1127 1102 1147 non
1132 1127 1180 1154 ea,
1213 1127 1283 1157 quae

20 1168 22 1170 ·
64 1160 70 1199 j
92 1161 172 1198 etg'
195 1165 204 1178 ‘
221 1161 394 1191 ordinatrix
417 1166 450 1191 et
480 1161 686 1200 dispensatrix
713 1166 778 1191 esto
801 1170 888 1190 mens
913 1160 1061 1199 sapientis
1086 1161 1282 1200 possessoris,

127 1204 172 1236 ia
184 1205 339 1240 materies,
362 1204 425 1244 qua
439 1213 494 1244 pro
515 1205 572 1234 sua
585 1204 742 1234 voluntate
757 1209 850 1243 atque
867 1203 1074 1242 intelligentia
1090 1204 1142 1234 ille
1157 1204 1282 1234 utatur)

42 1246 80 1285 ,Σ
101 1251 196 1280 Μαι
224 1246 381 1279 ἐπίθετον
409 1247 531 1278 sunium
556 1253 588 1277 et
613 1248 778 1277 rudentum
807 1253 991 1286 perpetuum
1018 1256 1085 1276 esse
1108 1253 1284 1278 monstrant

42 1288 228 1422 Ξηωε
249 1301 288 1322 ex
306 1292 390 1330 Virg.
406 1291 480 1322 AEn.
502 1291 533 1327 4,
549 1291 621 1326 575.
659 1291 750 1320 Ovid.
767 1291 845 1320 Met.
862 1291 892 1328 3,
917 1290 988 1326 679.
1014 1291 1125 1320 Catull.
1142 1291 1192 1327 64,
1209 1292 1282 1322 235.

137 1335 168 1372 5,
186 1334 257 1372 146,
282 1335 365 1365 unde
389 1335 509 1373 explico
536 1335 574 1364 de
589 1334 663 1364 fune
679 1334 818 1364 ductario
837 1334 886 1364 vel
907 1334 939 1364 in
961 1334 1112 1364 machinis
1131 1335 1284 1365 tractoriis

151 1387 179 1408 v.
196 1377 245 1414 10,
261 1379 283 1409 3
297 1384 328 1408 et
344 1375 388 1416 4.)
411 1378 460 1407 vel
475 1378 507 1408 in
523 1378 668 1407 remulco.

48 1420 135 1469 ῳ,
149 1421 202 1452 50.
235 1419 325 1462 [tibi]
359 1423 368 1437 ‘
383 1421 426 1451 Ut
441 1426 475 1451 tu
491 1421 619 1460 legeres,
642 1420 795 1450 dictabam
818 1430 888 1450 meo
911 1430 1008 1459 puero
1023 1430 1041 1450 a
1055 1421 1171 1451 manu.’
1217 1421 1282 1450 Im·

106 1471 120 1491 'v-
144 1469 220 1501 tum,
245 1470 279 1495 ut
306 1466 340 1495 in
369 1465 646 1503 subscriptionibus
676 1464 899 1503 epistolarum:
933 1465 996 1494 ltoec
1020 1465 1194 1501 scribebam,
1219 1464 1280 1501 &eq

52 1509 56 1514 '
74 1511 88 1544 ¹,
103 1523 137 1536 >m
160 1517 178 1539 e
199 1509 296 1539 relato
319 1509 358 1538 ad
374 1508 451 1538 illud
468 1508 614 1547 temporis
630 1513 790 1547 punctum,
815 1517 887 1546 quo,
909 1507 957 1536 cui
974 1507 1066 1536 missa
1083 1512 1128 1536 est
1143 1508 1282 1547 epistola,

59 1554 78 1593 '‚'
99 1566 101 1571 ’
122 1550 265 1590 leget.—
277 1549 443 1592 [Vacunae]
467 1551 638 1590 Vacunam,
652 1551 810 1590 antiquam
828 1551 1011 1580 Sabinorum
1029 1550 1130 1587 deam,
1153 1560 1283 1590 respon-

20 1626 22 1631 ,
146 1595 358 1626 aomanorum
379 1595 533 1630 Victoriae,
557 1595 662 1633 itaque
684 1595 819 1624 radicem
840 1602 903 1623 vac
930 1594 1060 1623 eandem
1082 1603 1148 1623 esse
1170 1604 1205 1624 ac
1226 1602 1282 1624 vrc

102 1639 216 1670 ducere
229 1640 333 1674 victor,
357 1643 387 1668 et
402 1638 512 1668 nititur
525 1638 670 1668 Varronis
685 1637 862 1668 testimonio
877 1638 959 1676 apud
976 1637 1139 1673 Acronem,
1163 1643 1194 1667 et
1208 1647 1283 1668 con-

53 1685 93 1719 ,ζῖ-
119 1702 121 1705 .
144 1691 182 1712 ur
203 1691 241 1712 ex
263 1681 463 1721 inscriptione
486 1681 583 1720 ipsius
607 1681 690 1711 illius
714 1681 776 1711 fani
799 1690 894 1720 prope
913 1681 1031 1710 Horatii
1050 1681 1199 1710 Sabinum
1221 1681 1283 1717 siti,

51 1756 76 1770 Ψ
96 1746 99 1756 ;
117 1724 185 1765 ῥιπὶ
207 1725 260 1755 illo
286 1730 424 1764 tempore
446 1730 599 1755 vetustate
622 1734 662 1754 ex
686 1730 773 1764 parte
803 1724 938 1763 collapsi,
965 1724 1048 1763 apud
1074 1724 1179 1754 Feam.
1225 1725 1283 1755 Per

57 1800 63 1807 ,
79 1766 84 1771 ’
120 1782 133 1792 ··
155 1773 259 1799 autem
275 1768 408 1798 Romani
427 1768 584 1798 interdum
607 1768 673 1798 deae
693 1777 807 1798 nomen
831 1768 875 1797 sic
897 1767 1181 1806 interpretabantur
1201 1777 1237 1798 ac
1257 1768 1282 1797 si

49 1845 82 1852 ,β
134 1819 154 1842 a
167 1820 195 1842 v.
209 1821 325 1848 vacare,
339 1811 649 1851 ipsaquebvacationis
669 1816 762 1850 atque
777 1811 831 1841 otii
847 1811 952 1840 tutela.
963 1827 1006 1832 -—-
1018 1808 1176 1850 [Ercepto‚
1189 1811 1282 1851 quod]

24 1863 45 1887 «j
80 1857 82 1859 '
99 1855 357 1894 uompplendum
374 1855 424 1890 sit,
443 1855 581 1885 referunt
598 1854 682 1885 hunc
697 1864 788 1884 usum
803 1855 843 1885 ad
857 1854 1004 1884 formulas
1019 1855 1133 1891 audito,
1156 1856 1282 1895 cognito,

105 1911 117 1920 v·
137 1912 139 1915 .
160 1907 186 1928 o.
207 1908 235 1928 v.
252 1898 378 1938 Zumpt.
394 1898 448 1928 Gr.
463 1898 480 1936 ἓ
494 1897 566 1933 647.

515 2027 726 2059 EPISTOLA
747 2027 804 2059 XI.

127 2121 224 2145 eun.
270 2114 433 2149 Bullatius,
460 2114 554 2144 homo
578 2114 715 2154 alioquin
736 2114 872 2153 ignotus,
904 2114 1026 2144 Horatii
1050 2119 1132 2144 certe
1157 2114 1283 2152 amicus,

51 2188 53 2190 ,
92 2192 114 2198 ,
131 2172 133 2181 ·
155 2157 258 2198 ipsum
273 2158 459 2188 documento
473 2162 522 2187 est
540 2158 700 2196 ingenium
720 2167 755 2188 ac
774 2159 958 2197 probitatem
982 2158 1010 2187 ei
1031 2167 1092 2187 non
1114 2157 1284 2200 defuisse:)

86 2200 116 2240 'f'
135 2217 137 2219 ·
163 2205 266 2232 tamen
291 2202 422 2231 divitum
440 2210 554 2240 genere
576 2201 669 2230 fuisse
683 2200 814 2235 videtur.
841 2202 894 2240 qui
917 2207 1042 2240 propter
1065 2202 1168 2231 nescio
1190 2212 1283 2241 quem

118 2260 120 2266 v
157 2243 338 2284 languorem
358 2253 416 2274 nec
435 2245 527 2274 rebus
549 2244 688 2274 civilibus
713 2254 814 2283 neque
839 2245 949 2274 litteris
971 2253 1073 2282 neque
1087 2245 1283 2283 agriculturae

88 2291 118 2327 ,·
137 2288 315 2327 egotiationi
337 2296 462 2326 operam
482 2293 642 2323 navarent,
662 2288 716 2317 sed
731 2288 856 2318 tandem
879 2288 975 2327 ipsius
991 2288 1058 2327 otii,
1083 2288 1131 2317 eui
1146 2298 1179 2319 se
1194 2290 1283 2319 dedi-

106 2328 115 2334 ”
150 2350 152 2352 ·
181 2331 313 2370 pertaesi,
333 2331 392 2361 hoc
406 2331 544 2360 omnium
560 2340 663 2360 rerum
684 2331 806 2361 fastidio
821 2331 910 2361 aliter
924 2340 956 2361 se
972 2331 1095 2361 liberari
1111 2341 1200 2371 posse
1220 2343 1283 2363 non

161 2378 256 2411 tur,
278 2374 337 2405 nisi
357 2375 383 2405 si
398 2374 432 2404 in
446 2374 631 2414 longinquas
651 2374 792 2414 regiones
812 2374 942 2415 profecti
961 2374 1044 2405 inter
1064 2374 1140 2406 alios
1162 2385 1284 2415 semper
