1390 2586
126 63 206 104 182
551 65 918 97 INTERPRETATto.
1261 0 1390 109 [ειη-ἒ

122 167 268 198 hebetant
282 164 469 195 subtiliorem
485 164 576 203 palati
593 169 724 202 gustum,
749 163 851 202 itaque
867 164 1001 194 convivae
1025 164 1095 194 talis
1113 173 1208 194 coenae
1229 165 1354 199 delicia

121 209 223 238 minus
238 207 474 247 persentiscent!
485 222 526 227 —
537 204 729 245 [exsurdant]
753 207 872 236 traiatio
887 209 925 236 ab
949 207 1053 236 auditu
1074 207 1113 236 ad
1134 212 1297 244 gustatum.
1308 223 1351 236 -o

1361 113 1390 142 vig]

121 248 310 291 [Invertunt]
344 248 427 279 κατὰ
449 248 510 284 τῆς
532 247 675 287 κεφαλῆς
703 245 892 288 τρέπονται.
924 249 1029 279 Comm.
1055 249 1144 288 Cruq.
1180 249 1378 282 ‘Inclinantss

120 295 237 324 vinaria
268 292 417 330 (lagenas,
447 292 583 320 Glossae:
617 292 775 325 vinarium..
806 289 1030 331 οἶνοφορεῖον)
1060 292 1099 322 ad
1127 291 1351 323 infundendum

119 345 238 365 merum
255 335 286 364 in
302 333 479 364 calices.’-
492 330 670 372 [Allifanis]
693 333 785 362 dativ.
811 335 818 348 ‘
830 333 992 372 majoribus
1015 333 1136 372 scyphis
1148 335 1166 368 ;'
1188 335 1226 363 ab
1242 333 1349 371 Allifls,

121 377 239 408 Samnii
255 377 375 415 oppido,
399 375 481 404 “ubi
506 376 611 404 fictiles
634 382 662 404 et
686 375 807 404 latiores
830 376 936 405 calices
957 376 1100 406 flebant-’³
1137 378 1244 406 Comm.
1261 377 1348 416 07ης.-

119 419 241 460 —[imi
258 416 406 456 Convivae]
432 419 642 447 Nomentanus
657 423 687 446 et
704 418 835 452 Porcius,
857 418 1012 448 Nasidieni
1028 418 1162 457 parasiti,
1185 419 1350 457 prudentes
1371 426 1374 427 ⁷

119 464 276 497 cavebant,
301 471 338 490 ne
359 470 429 490 eum
450 461 638 489 offenderent
658 460 770 498 largius
793 460 941 495 bibendo;
963 465 1107 500 patronus
1122 460 1185 499 ipse
1199 462 1238 490 ob
1251 461 1350 490 avari·
1374 469 1377 497 ζ

119 505 192 535 tiam
208 504 264 534 sibi
281 505 468 542 temperabat
482 512 500 531 a
514 508 597 540 potu.

162 547 298 577 42—50.
325 545 410 585 [post
436 542 572 584 partum]
605 542 683 582 after
707 546 862 584 spawning
886 543 1165 584 tima—[mixtum
1184 543 1256 584 jus]
1287 545 1350 576 crr.

120 590 182 620 Sat.
206 590 235 623 2,
258 589 287 624 4,
311 584 691 626 63.——[prima—cella]
723 589 780 616 ‘eo
809 588 875 616 oleo
902 587 1074 617 Venafrano
1098 597 1141 626 ,ex
1172 588 1350 626 Campania,
1374 612 1380 619 .

120 633 203 670 quod
223 632 254 661 in
275 631 357 660 cellis
381 629 447 669 (ubi
471 629 632 659 torcularia
655 628 758 668 erant)
775 639 812 658 ex
829 629 915 659 olivis
935 629 1019 668 prelo
1034 629 1196 668 suppositis
1217 630 1349 668 primum

118 675 253 704 manavit
278 679 308 702 et
334 678 491 711 propterea
520 672 625 710 primae
650 677 738 706 notae,
767 672 903 701 omnium
930 670 1136 702 dulcissimum
1162 681 1197 702 ac
1222 672 1348 710 purissi-

118 726 202 746 mum
219 717 335 746 est.’-
348 713 452 754 [garo]
483 716 615 744 Caviare.
643 714 718 743 Plin.
736 713 786 749 31,
810 714 862 751 43,
884 715 995 744 Garum
1010 724 1086 744 nunc
1101 724 1115 744 e
1129 715 1258 744 sambro
1268 716 1350 752 pisce

117 757 292 799 (maclcerel)
309 759 544 788 laudatissimum
559 758 590 786 iu
606 757 798 795 Carthaginis
813 758 978 795 Spartaria·
995 758 1114 787 cetariis
1124 767 1135 790 ‚⁵
1156 758 1298 786 sociorum
1317 757 1351 787 id

117 803 295 840 appellatur,
318 801 445 839 singulis
466 800 595 829 millibus
617 809 761 828 nummum
781 800 1016 837 permutantibus
1037 800 1151 836 congios·
1165 796 1236 837 fere
1258 800 1347 829 binos.

116 844 215 874 Piscis
238 845 371 874 Hiberus
395 843 488 880 igitur
513 847 558 871 est
581 843 717 870 scomber
739 841 778 870 ad
799 841 1024 879 Carthaginem,
1053 841 1208 879 Hispaniae
1233 843 1349 878 urbem,

117 891 232 925 captus.
245 902 287 907 -—
299 882 506 925 [Methymna]
534 883 622 913 Lesbi
638 883 793 922 oppidum.
805 900 847 906 -—
859 882 944 923 [vitio
958 881 1131 922 mutaverit]
1157 885 1164 899 ‘
1176 889 1295 913 acetum
1310 893 1349 913 ex

117 929 188 959 vino
207 928 314 958 Lesbio
330 928 499 956 confectum
514 928 594 961 vitio,
608 926 639 955 id
655 932 710 960 est,
725 925 892 956 fermento!

158 971 234 1001 51-
242 971 292 1000 53.
319 967 456 1009 [inlutos]
482 969 490 983 ‘
502 978 562 997 non
579 969 658 1006 aqua
674 967 754 998 dulci
770 969 855 1003 lotos,
877 977 938 1006 quo
957 967 1083 997 marinae
1103 977 1192 1007 sapor
1206 967 1245 997 iis
1259 968 1348 997 dece·
1370 1004 1373 1005 ⁷

115 1014 211 1047 deret,
236 1013 360 1043 echinos
385 1011 632 1050 praestantissimo
661 1011 732 1040 huic
749 1010 811 1048 juri
833 1011 940 1040 muriae
965 1011 1030 1040 loco
1059 1010 1220 1048 incoquere
1247 1009 1350 1039 docuit
1375 1014 1390 1050 {34

116 1056 283 1089 Curtillus,’
311 1055 427 1093 (helluo
449 1051 721 1092 ignotus.)—[Ut
744 1050 864 1091 melius]
896 1050 940 1088 ὡς
963 1053 1114 1091 κρεῖσσον
1140 1050 1242 1081 ὄν.-
1256 1050 1351 1092 [quod

115 1103 192 1129 testa
203 1099 318 1128 marina
333 1093 481 1135 remittat]
508 1097 515 1111 ‘
527 1095 608 1127 Quia
622 1095 730 1124 melius
745 1095 784 1124 sit
796 1105 886 1133 quam
899 1095 998 1124 muria
1013 1105 1030 1123 a
1045 1095 1157 1124 cetario
1170 1100 1348 1132 praeparata‚

115 1151 207 1180 quam
227 1141 278 1170 alii
303 1139 373 1168 huic
390 1139 453 1177 juri
472 1138 648 1173 admiscent,
671 1138 713 1172 id,
740 1138 820 1175 quod
845 1142 923 1167 testa
944 1137 1072 1171 marina,
1095 1137 1199 1166 illutus
1221 1136 1348 1167 echinus

115 1193 170 1223 per
185 1193 216 1213 se
231 1183 296 1220 ipse
312 1182 455 1215 remittat,
472 1180 592 1218 (succus
607 1181 672 1217 ejus
687 1180 834 1209 naturalis
851 1189 909 1209 non
924 1180 1038 1209 dilutus
1053 1180 1133 1217 aqua
1148 1177 1263 1217 dulci).'

157 1225 291 1256 54—64.
316 1221 445 1263 [aulaea]
470 1219 750 1263 περιπετάσματα.
774 1222 1002 1251 “Consuetudo
1023 1222 1103 1259 apud
1123 1221 1264 1259 antiquos
1281 1221 1349 1257 fuit,

114 1273 151 1298 ut
165 1269 262 1297 aulaea
277 1269 332 1296 sub
348 1275 482 1296 cameras
504 1266 673 1301 tenderent,
694 1271 738 1298 ut,
762 1264 787 1294 si
811 1264 884 1302 quid
907 1263 1039 1303 pulveris
1061 1264 1191 1299 caderet,
1213 1264 1252 1292 ab
1275 1263 1348 1302 ipsis

113 1309 337 1349 exciperetur.'’
385 1309 493 1347 Porph.
506 1323 549 1328 —-
566 1305 742 1346 [erigimur]
775 1308 783 1320 ¹
795 1307 931 1336 animum
961 1306 1143 1343 recipimus!
1158 1322 1198 1326 —
1216 1303 1347 1345 [majus]

114 1355 133 1369 “
145 1354 266 1383 ruinam
283 1352 390 1381 domos
407 1350 605 1380 metuentes.”
642 1349 749 1379 Comm.
767 1349 856 1388 Cruq.
867 1365 909 1370 —
922 1347 936 1388 [
942 1350 1037 1388 posito
1058 1345 1172 1388 capite]
1197 1349 1205 1364 ⁶
1217 1349 1348 1377 demisso

112 1395 147 1425 in
163 1395 346 1425 lectum.’—
359 1389 564 1433 [immaturus]
589 1393 597 1407 ⁸
608 1392 659 1430 qui
682 1392 816 1420 nondum
838 1397 974 1421 maturus
990 1396 1068 1421 esset
1083 1390 1246 1420 mortL’-
1258 1388 1348 1429 [Tol-

113 1436 203 1477 leret]
228 1438 236 1452 ‘
249 1442 388 1466 maestum
404 1435 574 1464 consolatus
590 1435 695 1469 esset;'
719 1443 763 1472 pr.
785 1434 822 1462 de
837 1443 883 1468 eo,
900 1434 962 1472 qui,
985 1442 1079 1471 quum
1104 1432 1188 1461 humi
1209 1433 1348 1471 procidit,

113 1482 152 1510 ab
167 1481 226 1509 alio
242 1479 377 1517 erigitur.
388 1494 430 1499 —
442 1476 636 1517 [suspendens
650 1477 745 1506 omnia
760 1474 846 1514 naso]
871 1477 879 1492 ‘
890 1475 993 1505 omnia
1006 1475 1156 1504 irridens:

156 1521 292 1557 66—74.
316 1517 652 1559 [Tene—torquerier]
678 1518 850 1547 Infinitivus
873 1517 1101 1555 indignationis,
1124 1522 1158 1546 ut
1181 1517 1242 1546 Sat.
1266 1517 1294 1552 l,
1316 1517 1347 1551 9,

113 1562 354 1604 72.—[agaso]
378 1563 397 1579 ‘⁸
407 1572 519 1598 servus,
541 1561 594 1599 qui
610 1563 751 1600 jumenta
764 1560 879 1590 curat.'’
902 1561 974 1590 Acr.
1007 1559 1200 1594 Nasidienus,
1224 1565 1258 1588 ut
1282 1569 1346 1588 ser·-

112 1617 220 1637 vorum
251 1615 411 1636 numerum
441 1611 577 1642 augeret,
604 1604 705 1642 ipsum
735 1612 856 1640 quoque
885 1611 1059 1641 agasonem,
1090 1601 1244 1631 hominem
1271 1602 1347 1631 adeo

112 1659 256 1687 scaevum,
283 1654 318 1677 ut
341 1657 483 1677 amovens
508 1646 615 1681 auiaea,
641 1655 708 1683 quae
734 1644 913 1681 ceciderant,
941 1644 1077 1683 patinam
1102 1645 1265 1682 frangeret,
1287 1643 1347 1673 illis

112 1698 310 1730 aggregarat;
335 1691 426 1728 idque
441 1688 585 1718 Servilius
597 1688 739 1718 odoratus
751 1692 877 1717 erat.-—
888 1685 1033 1726 [nudare]
1050 1686 1246 1725 ‘patesacere,
1261 1686 1347 1716 dete-

133 1735 202 1764 ere!

110 1745 131 1773 g
154 1776 205 1812 77,
232 1776 282 1811 78.
308 1775 417 1812 [soleas
443 1770 554 1812 poscit]
594 1772 679 1802 Foris
708 1771 824 1806 caiceis,
854 1770 935 1800 domi
963 1771 1051 1801 soleis
1077 1772 1240 1800 utebantur
1266 1770 1346 1805 viri,

111 1820 234 1849 easdem
262 1818 293 1846 in
326 1816 543 1846 discumbendo
573 1815 782 1853 deponebant3
813 1814 963 1853 depositas
993 1823 1112 1843 servum
1136 1812 1232 1851 poscit
1255 1812 1346 1842 Nasi-

112 1863 232 1895 dienus,
247 1866 281 1890 ut
297 1860 335 1890 de
350 1859 437 1889 coena
449 1863 551 1895 surgat
563 1858 730 1896 jubeatque
745 1856 909 1896 praeparari
925 1865 1147 1885 mazonomum.
1157 1871 1200 1876 ——-
1210 1853 1257 1894 [in
1271 1856 1347 1886 lecto

110 1902 241 1944 quoque]
267 1904 396 1932 Remoto
421 1901 543 1929 domino
567 1909 671 1935 coenae,
693 1909 753 1928 non
774 1900 872 1928 solum
890 1897 1064 1928 Maecenatis
1085 1898 1220 1933 comites,
1239 1907 1346 1926 verum

110 1947 203 1976 etiam
220 1946 273 1975 imi
289 1944 358 1974 lecti
373 1942 495 1982 parasiti
506 1944 590 1981 jocos
606 1943 643 1971 de
659 1941 786 1971 ridiculo
806 1951 877 1971 casu
893 1941 924 1970 in
940 1950 1044 1970 aurem
1065 1940 1204 1978 proximo
1216 1939 1344 1977 quisque

110 1989 360 2022 insusurrabant3
383 1986 544 2024 quominus
560 1985 590 2013 in
606 1985 716 2013 effusos
731 1984 809 2013 risus
822 1988 1025 2022 erumperent,
1039 1984 1158 2012 vetabat
1170 1981 1345 2011 Maecenatis

109 2031 284 2070 praesentia,
295 2031 380 2068 cujus
394 2027 525 2066 dignitas
542 2037 579 2056 ne
595 2036 695 2056 coram
706 2027 830 2065 parochi
841 2025 934 2056 servis
946 2024 1165 2064 periclitaretur
1176 2024 1344 2053 cavendum

109 2080 186 2107 exat.

154 2114 289 2150 80—87.
315 2110 451 2154 [Redde]
475 2111 591 2141 ‘Refer
617 2108 877 2149 mima-[fictis
899 2107 1014 2148 rerum]
1037 2114 1072 2139 ut
1094 2109 1155 2139 sat.
1181 2109 1211 2143 2,
1236 2090 1267 2143 ¹2,
1292 2108 1345 2143 25,

110 2161 195 2189 vanis
219 2168 340 2188 rerum.-
365 2157 401 2185 A.
426 2156 458 2184 Ρ.
487 2155 536 2188 49,
562 2154 667 2183 abdita
690 2163 807 2183 rerum.-
831 2152 1000 2190 ‘fingentes
1024 2161 1079 2181 nos
1102 2151 1139 2180 de
1165 2150 1231 2179 aliis
1253 2151 1344 2179 rebus

107 2201 218 2241 jocosis
242 2194 583 2237 ridere.’—[secundo]
608 2195 726 2225 tralatio
750 2205 768 2225 a
783 2200 873 2224 vento
897 2195 1049 2224 secundo:
1071 2193 1203 2232 ‘praeter
1227 2199 1343 2222 ceteros

110 2253 166 2274 nos
185 2236 634 2281 adjuvante.’—-[Mazon0mo]
658 2248 702 2276 pr.
718 2238 788 2267 lanx
804 2237 922 2274 ingens,
946 2245 984 2267 ex
1007 2237 1068 2275 qui
1091 2232 1179 2275 μάζα
1201 2232 1343 2273 νέμεται.

109 2287 178 2326 puls
201 2284 402 2319 distribuitur,
428 2283 459 2312 h.
474 2283 493 2311 l.
516 2281 608 2311 etiam
633 2280 700 2310 aliis
720 2279 794 2310 cibis
819 2275 1223 2318 destinata—[discerpta]
1246 2286 1342 2316 quum

1382 1011 1386 1023 ·-
1370 758 1390 1000 -¹.i.?⁴‘'=·⁶⁷-‡-·1=22.⁸0.4.i;5<—÷.
1388 720 1390 722 .
1379 668 1383 674 -
