1390 2586
31 591 37 595 s
67 591 88 604 ι.

128 5 134 11 μ
156 0 185 18 23⁶
206 27 207 30 Ἰ

76 88 98 158 ’
128 103 238 144 1514]
490 103 862 136 mraamsmuo.
947 127 956 136 ,
1209 106 1288 148 221

40 198 94 229 1³⁴⁴
174 207 223 239 16.
248 204 395 247 [meten-1
407 203 532 245 agnam]
556 205 626 235 Jam
643 205 756 245 triplex
776 205 920 246 proponit
935 206 1113 245 exemplum
1130 208 1167 237 ab
1185 207 1289 239 Asella

47 253 49 255 ’
106 252 109 254 ’
123 266 136 276 ·=
156 249 387 282 eimitandum:
407 247 455 288 (1)
466 248 635 287 imaginem
645 250 749 279 rustici
764 259 880 288 agnum
892 250 949 279 sub
960 250 1055 280 axilla
1067 251 1106 280 ad
1116 257 1288 282 mercatum

140 303 181 331 ιε,
195 293 354 323 ridiculam
371 297 497 331 propter
517 292 680 322 continuos
700 293 836 322 bestiolae
852 298 954 322 motus
969 299 1000 323 et
1023 303 1128 323 curam
1142 294 1288 331 hominis,

47 374 49 377 Α
71 369 74 371 ,
118 337 243 368 mlum
257 335 389 371 desiliat,
410 345 449 365 ne
464 336 525 364 ab
518 345 585 374 ipso
599 335 726 365 fortasse
742 337 881 366 laedatur.
904 335 980 376 (2)‘
973 338 992 352 “
1003 337 1176 376 Pyrrhiam,
1192 339 1288 368 ancil-

60 380 74 389 *
108 379 152 412 in
167 379 302 421 quidam
319 378 428 408 Titinii
453 377 568 415 fabula,
590 389 659 417 quae
680 378 781 408 furata
795 380 898 410 lanam
913 379 1047 409 dominae
1062 391 1136 416 suae,
1162 388 1287 421 propter

115 423 254 454 entiam
268 422 312 452 ita
325 421 467 460 gestavit,
483 427 517 451 ut
531 421 611 451 facili
626 432 721 461 opera
736 423 1052 462 deprehenderetur?
1078 424 1171 454 Schol.
1181 440 1225 447 ——
1235 424 1285 465 (3)

79 505 83 507 ι
141 464 197 506 ·‘]
235 465 386 496 Homines
415 465 580 501 ambitiosi,
613 475 720 495 auram
750 466 930 515 popularem
960 472 1128 505 captantes,
1157 467 1286 499 tribules

41 507 46 511 ”
55 510 110 551 ’,Ἃ
124 509 346 550 pauperiores
358 509 423 538 ruri
437 509 585 547 degentes
595 509 635 538 ad
650 509 790 538 convivia
804 509 960 539 interdum
976 510 1157 540 invitabant.
1183 510 1288 550 (Prin-

73 555 79 560 '
106 575 109 577 -
137 557 241 585 autem
256 552 337 582 cives
351 553 384 582 in
401 552 641 592 xxxlarusticas
657 552 764 587 tribus,
782 553 924 582 homines
948 553 1063 583 infimae
1080 554 1170 583 sortis
1193 554 1225 584 in
1242 563 1286 586 lv.

97 605 101 609 “
147 618 149 621 -
164 610 169 621 :
187 600 344 626 memento
358 595 470 625 relatos
484 593 604 632 fuisse.)
650 595 836 626 Rusticanus
852 596 947 634 igitur
964 597 1122 626 Romanus
1138 597 1287 629 invitatus

121 638 187 674 uli
205 649 262 669 suo
286 639 438 678 locuplete
463 643 556 677 atque
579 637 691 668 illustri
712 648 774 668 non
799 639 866 668 sine
891 640 1026 678 quadam
1041 642 1228 670 verecundia
1251 651 1286 672 ac

143 691 183 712 e
197 682 265 712 vieo
280 691 336 712 suo
351 682 384 711 in
400 682 509 711 urbem
524 681 626 720 pergit
639 682 791 712 calceatus
808 683 854 712 vel
870 688 1054 721 peronatus;
1075 683 1148 722 quia
1162 694 1286 715 servum

73 704 222 793 ἓγἨ-ιὴοῐ,
245 730 327 755 certe
343 725 396 764 qui
411 734 488 775 opus
503 725 652 754 rusticum
668 725 809 755 deserere
830 726 935 764 possit,
962 726 1028 765 ipse
1041 728 1147 763 soleas,
1172 728 1285 766 quibus

128 778 168 799 ιιι
190 769 224 798 in
245 768 414 798 triclinium
437 768 553 798 intrare
579 769 681 804 debet,
706 778 768 798 una
791 779 861 798 cum
886 769 978 808 pileo,
999 780 1060 808 quo
1083 772 1140 800 sub
1162 777 1286 802 noctem

127 826 160 848 .¹·
188 817 345 842 revertens
363 817 455 850 caput
475 817 612 841 tecturus
631 816 687 848 est,
713 813 769 841 sub
793 813 842 842 ala
866 818 977 851 portat.
1021 813 1165 852 Optimus
1180 821 1285 845 autem

104 869 127 881 ιι
157 864 194 886 eo
218 855 354 884 maxime
375 855 522 884 ridiculus
548 855 594 890 fit,
617 855 701 894 quod
726 855 800 885 dum
826 861 1065 895 quantocunque
1091 863 1192 896 potest
1215 868 1287 888 cum

171 898 262 928 soleis
285 898 370 937 puris
391 908 448 928 nec
470 898 597 937 pulvere
618 898 770 937 adspersis
796 899 828 928 in
855 899 1025 928 triclinium
1048 899 1176 930 introire
1198 906 1288 940 parat

130 951 218 981 que
232 942 290 971 sibi
306 947 415 971 exutos
431 946 462 971 et
477 941 603 991 pileum
613 942 740 971 atriensi
762 942 865 978 tradit,
890 942 926 972 iis
941 943 1095 978 omnibus,
1122 944 1174 982 qui
1190 954 1288 984 quum

134 993 175 1015 ue
189 985 220 1014 in
235 985 314 1014 atrio
328 991 410 1020 sunt,
431 989 463 1014 et
477 984 621 1023 ingenuis
637 991 668 1015 et
680 985 798 1015 libertis
814 991 845 1015 et
862 986 958 1015 servis
978 986 1070 1016 nimis
1085 987 1236 1018 demissus
1251 997 1288 1018 ac

69 1026 101 1053 “i
119 1043 122 1048 ·
154 1038 168 1058 s
182 1028 316 1058 videtur.

71 1063 89 1078 “⁷
115 1076 118 1090 ³
152 1070 200 1102 19.
227 1068 395 1111 [oratus]‘
407 1071 525 1104 Quodsi
549 1071 654 1101 multis
678 1071 774 1101 etiam
793 1071 935 1110 precibus
954 1071 1122 1102 illiusmodi
1146 1073 1288 1104 homines

75 1114 94 1148 ἓ,
130 1114 252 1150 verint,
277 1120 312 1144 ut
326 1114 402 1153 quid
418 1115 558 1153 Augusto
581 1121 723 1164 apportes
743 1115 800 1144 sibi
824 1115 917 1150 dicas,
943 1120 977 1144 tu
1000 1115 1061 1145 noli
1081 1116 1195 1172 loquax
1209 1126 1287 1154 esse,

78 1167 172 1203 quo
187 1163 216 1188 te
226 1157 305 1197 jussi
321 1166 425 1197 perge,
446 1158 543 1188 donec
557 1158 715 1196 adipsum
738 1164 768 1188 te
791 1158 934 1188 admittat
948 1159 1112 1189 ostiarius-⁹
1122 1176 1165 1181 —
1176 1158 1287 1200 [nitere

92 1198 146 1242 ]
171 1202 251 1240 pusk
270 1199 473 1241 forword—
483 1198 536 1241 [ne
558 1199 685 1240 titubes]
719 1201 839 1231 Rursus
868 1201 976 1231 leviter
1004 1202 1084 1232 ludit
1111 1202 1144 1232 in
1175 1204 1287 1234 Asellae

90 1258 164 1278 4ιιιυ
173 1245 236 1274 'ne.
277 1244 378 1274 ‘Cave
409 1254 458 1280 ne,
489 1250 524 1274 ut
552 1244 664 1274 accidit
691 1245 793 1274 asellis
822 1245 915 1274 nimis
943 1246 1072 1280 onustis,
1100 1252 1134 1275 tu
1164 1256 1288 1286 quoque

147 1287 326 1326 humique
350 1288 542 1326 procumbas,
562 1287 615 1317 ubi
637 1287 750 1317 lamam
773 1287 1008 1326 transgredieris
1023 1289 1071 1318 vel
1094 1299 1149 1328 per
1173 1290 1288 1320 clivum

86 1361 88 1363 ,
108 1331 221 1366 des,
235 1331 339 1370 itaque
356 1340 424 1369 quae
439 1330 494 1360 tibi
510 1331 684 1361 concredidi
700 1331 908 1370 qualicunque
923 1331 1038 1362 damno
1051 1332 1176 1369 afficias,
1191 1333 1288 1364 veluti

79 1373 89 1378 ”
124 1381 128 1398 ῑ
149 1373 267 1413 collisa,
281 1373 489 1404 voluminibus
502 1373 578 1414 ipsis
591 1372 792 1404 madefactis!

510 1503 720 1534 EPISTOLA
744 1504 830 1534 XIV.

28 1614 32 1615 ν
66 1594 67 1598 ’
80 1606 90 1622 .·
117 1597 223 1623 Rettu-
246 1591 314 1622 Joci
328 1592 422 1621 causa
436 1590 526 1629 fingit
540 1600 573 1620 se
585 1591 687 1620 villico
703 1601 848 1630 nequam,
862 1600 994 1628 moroso,
1007 1591 1119 1628 bibaci,
1133 1591 1164 1621 in
1179 1593 1290 1623 urbem

65 1635 81 1639 ’
140 1633 153 1659 ι’
179 1634 315 1675 cupienti
335 1635 416 1665 hanc
435 1634 597 1674 epistolam
617 1635 752 1673 mittere,
774 1636 837 1673 qua
858 1635 1011 1674 significet
1030 1635 1094 1664 ruri
1115 1636 1144 1665 ei
1159 1645 1290 1665 manen·

144 1687 227 1708 esse:
258 1687 292 1708 re
316 1688 390 1708 vera
412 1683 516 1708 autem
540 1678 598 1707 hac
622 1678 853 1728 scriptiuncula,
883 1688 976 1717 quam
1001 1679 1119 1708 villicus
1146 1679 1210 1717 ipse
1235 1679 1289 1708 vix

61 1713 69 1722 ⁹
119 1734 122 1745 ι
158 1735 173 1747 01
195 1721 282 1757 vidit,
303 1721 513 1751 demonstrare
532 1721 655 1751 voluit
648 1721 763 1760 iniquis
784 1722 858 1758 suis,
882 1722 935 1761 qui
957 1722 984 1751 ei
1010 1728 1135 1761 propter
1151 1722 1290 1752 villulam

33 1767 35 1780 ¹
76 1768 82 1784 v
113 1770 247 1795 menate
261 1765 407 1795 donatam
420 1764 560 1794 invidere
575 1765 726 1800 solebant,
742 1774 804 1794 non
820 1770 883 1794 tam
898 1765 958 1795 ob'
952 1774 1051 1804 lpsam
1066 1765 1291 1804 possessionem

92 1816 219 1839 .utam
233 1818 299 1838 esse
313 1817 407 1846 quam
421 1813 593 1847 propterea,
614 1809 698 1847 quod
713 1808 755 1837 ibi
771 1814 906 1838 remotus
922 1810 960 1838 ab
976 1818 1081 1838 eorum
1098 1809 1291 1846 malignitate

111 1850 240 1885 ueteris
260 1851 402 1881 omnibus
426 1851 511 1880 urbis
535 1851 683 1880 molestiis
707 1851 874 1890 tranquillo
893 1852 996 1882 animo
1011 1852 1096 1882 vivat
1118 1853 1290 1891 studiisque

106 1913 122 1923 ·.
152 1899 248 1924 vacet.
294 1894 379 1933 Scrip
382 1895 550 1924 tavidetur
568 1894 740 1924 Kirchnero
758 1902 787 1924 A.
804 1902 836 1924 υ.
853 1903 882 1924 c.
897 1894 970 1930 732.

158 1940 163 1963 ἰ
204 1935 293 1977 [mihi
315 1948 359 1968 me
361 1905 578 1976 preddentis]‘
590 1938 664 1976 quia
687 1947 783 1976 quum
799 1938 906 1967 Romae
930 1939 1009 1976 dego
1032 1938 1161 1968 aliorum
1189 1938 1290 1976 potius

67 1973 106 2020 ³2·
129 1989 222 2019 quam
236 1980 298 2010 mei
313 1980 427 2019 ipsius3
450 1981 514 2010 ruri
529 1980 606 2010 mihi
622 1981 701 2017 vivo,
722 1987 756 2010 ut
771 1981 850 2018 volo,
871 1987 903 2011 et
916 1983 954 2011 ab
969 1981 1076 2011 officiis
1096 1981 1290 2019 negotiisque

93 2036 97 2054 5
124 2022 172 2055 nis
190 2033 239 2053 me
258 2023 362 2054 reficio
380 2033 416 2053 ac
435 2024 559 2053 recreo!
606 2024 725 2054 Barthii
746 2024 824 2054 illud
846 2035 890 2055 me
910 2026 1092 2060 redimentis,
1118 2025 1235 2054 Seneca
1259 2030 1291 2055 et

104 2083 106 2089 ‹
135 2080 139 2090 ι
160 2065 284 2106 dignius
299 2073 347 2096 est
361 2076 453 2106 quam
472 2066 662 2097 Horatio.—
673 2064 740 2106 [tu]
766 2068 774 2082 ‘
785 2067 839 2106 qui
863 2073 935 2097 ante
953 2077 1020 2097 eras
1039 2067 1071 2097 in
1087 2069 1158 2097 mea
1173 2067 1291 2098 familia.

82 2115 84 2117 “
107 2141 110 2144 .
131 2109 175 2146 ἃ,
188 2118 293 2139 meum
307 2110 440 2139 fundum
455 2109 585 2146 fastidis,
606 2110 746 2149 quamvis
760 2120 832 2140 eum
846 2111 987 2146 habitent
1003 2111 1140 2149 quinque
1156 2110 1290 2146 familiae,

80 2156 83 2157 ’
153 2153 230 2189 boni,
246 2153 279 2182 id
293 2158 350 2188 est,
374 2153 493 2182 strenui
514 2158 606 2191 atque
621 2154 755 2190 honesti,
777 2153 1012 2192 patresfamilias
1028 2154 1100 2183 inde
1117 2154 1241 2183 Variam
1256 2164 1290 2185 se

98 2199 101 2201 ’
173 2208 177 2211 ’
198 2196 318 2226 soleant
337 2196 378 2225 ad
398 2195 553 2226 nundinas
576 2196 734 2226 obeundas
757 2202 788 2226 et
812 2197 936 2235 quando
959 2197 1114 2235 oppidana
1135 2197 1290 2227 habentur

103 2237 171 2269 tin
183 2240 324 2268 creandis
341 2239 534 2268 duumviris
523 2239 587 2278 Juri
603 2239 751 2278 dicundo,
766 2240 907 2269 aedilibus
933 2240 1105 2278 ceterisque
1127 2240 1291 2279 magistra-

153 2281 413 2321 municipalibus!
425 2297 468 2303 --
483 2282 587 2318 Varia,
609 2282 759 2321 oppidum
782 2283 815 2312 in
842 2283 962 2312 Sabinis
989 2283 1072 2320 olim,
1101 2293 1184 2313 nunc
1206 2284 1292 2314 vicus

92 2359 94 2361 ,
103 2333 214 2396 ιειεὲξ
237 2324 355 2355 Anieni
384 2325 424 2355 ad
451 2329 594 2355 octavum
621 2325 756 2365 lapidem
786 2327 868 2356 ultra
894 2327 991 2356 Tibur
1019 2326 1052 2357 in
1082 2326 1131 2356 via
1159 2327 1291 2357 Valeria.

145 2380 148 2382 *
199 2377 323 2399 womaro.

643 2411 710 2442 L3
