1390 2586
49 102 119 140 31·-
133 106 174 130 11.
188 96 238 136 4.]
495 94 870 126 INTERPRETATIO.
1228 91 1307 135 163

49 199 216 231 convenire
229 197 351 229 videtur
363 195 484 226 homini
501 200 565 226 tam
580 195 714 235 pusillo!
724 211 767 217 —
778 193 893 236 [verum
908 191 970 234 est]
987 194 996 210 ‘
1006 199 1124 224 rectum
1142 199 1172 224 et
1182 196 1306 235 justum

50 247 98 274 est
116 242 216 274 ficere
241 246 271 272 te
293 249 416 280 quoque
440 244 504 269 tam
530 239 713 270 dissimilem
731 245 763 268 et
786 243 873 269 tanto
897 238 1050 268 minorem
1077 248 1098 268 S.
1126 237 1306 268 inferiorem

49 289 166 318 mim
179 286 237 316 Le.
251 284 285 315 in
298 284 445 315 certando
461 293 532 313 cum
550 283 721 313 Maecenate
732 282 808 312 2·-
820 279 999 322 [denarrat]
1022 283 1030 298 ‘
1041 281 1150 312 ordine
1166 287 1197 312 et
1212 282 1304 322 plene

49 329 174 360 mnu!
1210 335 1213 339 ·

91 372 167 412 2⁴⁶,
178 371 250 403 246.
273 369 359 412 [mim
378 374 504 406 tantum,
528 371 649 409 sufflans
667 379 708 403 se,
730 378 840 407 magna
849 365 979 407 ficisset]
1007 378 1033 398 v.
1050 369 1170 406 sufflare
1193 368 1252 398 hac
1271 368 1304 398 in

48 423 85 446 η
96 414 330 446 utitatissimum
347 419 423 443 erat.
454 412 559 443 Plaut.
578 412 673 442 Stich.
690 413 720 447 5,
735 412 766 447 4,
784 411 835 447 42,
852 412 945 449 Suffla
961 412 1099 442 celeriter
1115 413 1171 442 tibi
1187 413 1302 442 buccas.

48 457 158 489 —Vv.
170 456 273 498 Major
287 458 412 487 dimidio
427 457 452 486 si
467 467 539 486 cum
557 456 714 496 plerisque
733 465 788 494 pro
810 455 886 494 pulli
906 465 1054 494 responso
1070 456 1196 490 habeas,
1223 455 1304 485 nihil

47 500 135 533 uliud
155 501 292 542 profecto
306 500 462 539 significat
476 510 581 539 quam,
606 498 756 528 ‘dimidio
776 504 830 528 tuo
847 508 983 538 corpore,
1007 505 1117 535 mater,
1135 498 1250 528 vitulus
1272 503 1304 528 te

45 545 145 584 major
167 545 262 575 erat?
286 544 370 583 quod
393 553 468 574 sane
491 552 671 583 perversum
695 547 742 572 est
766 551 868 581 neque
893 542 957 571 ulla
982 542 1030 571 vel
1058 541 1231 581 hyper-bola
1254 541 1304 571 vel

43 584 193 664 3⁰ch
222 587 348 618 defendi
378 592 489 627 potest.
534 586 687 619 Quocirca
715 585 806 615 aliter
831 585 960 615 distinxi
986 595 1056 615 cum
1085 585 1247 615 Waddelio
1271 590 1304 615 et

89 630 229 668 rchnero,
245 632 333 661 Obss.
350 641 382 670 p.
399 630 452 660 56.
498 629 622 670 ‘Major
639 630 764 659 dimidio
783 630 848 668 jam
872 638 904 659 se
928 629 1080 658 sufflando
1102 628 1183 658 facta
1203 634 1303 659 mater

0 675 1 678 ’
43 681 151 705 mnus
166 675 287 714 pullum
302 674 492 712 interrogat:
518 674 601 704 Num
616 677 730 703 tantum
742 672 767 702 ?’

85 717 264 748 248—254.
293 715 446 758 [abludit]
472 717 645 751 ‘abhorret,
669 713 1032 754 discrepat.’—[Adde]
1058 714 1182 745 ‘Aliam
1204 714 1302 745 nimio

43 759 220 792 adificandi
244 761 362 791 studio'
382 759 481 800 (quod
500 759 642 790 videlicet
666 764 758 799 poeta
781 759 813 788 in
838 763 937 788 semet
961 759 1028 798 ipso
1052 769 1107 798 per
1131 756 1302 797 εἰρωνείαν

40 802 209 835 dumtaxat
239 801 473 843 reprehenditz)
505 802 670 842 ‘adjungis
695 802 860 837 insaniam,
891 808 1036 841 poemata
1065 802 1299 841 componendo;

41 845 149 886 sieque
171 847 288 877 malum
312 857 418 886 auges,
441 846 528 885 quasi
556 846 661 885 ignem
685 846 753 876 oleo
779 845 977 884 exstinguere
995 843 1299 885 velles.’—[sanus]

42 888 109 921 cic.
133 891 171 921 de
188 891 292 920 Divin.
313 890 341 927 l,
359 890 410 926 37,
435 890 539 930 Negat
558 891 623 920 sine
639 887 750 928 surore
766 889 955 919 Democritus
982 899 1156 928 quemquam
1183 894 1301 927 poetam

41 943 183 974 magnum
206 944 268 965 esse
287 944 394 973 posse,-
418 934 497 974 qaod
518 934 596 964 idem
620 934 695 963 dicit
711 933 810 962 Plato.
849 932 887 962 A.
906 932 938 962 Ρ.
959 933 1032 967 290,
1056 933 1188 962 excludit
1212 942 1301 962 sanos

41 976 188 1008 Helicone
198 981 305 1016 poetae
317 977 570 1008 Democritus.—
583 973 731 1017 [rabiem]
756 975 930 1015 praesertim
954 975 986 1005 in
1012 985 1116 1005 servos
1136 975 1299 1014 negligen-

41 1019 147 1051 tiores.
190 1021 271 1060 Epp.
298 1020 325 1056 l,
349 1021 400 1057 20,
426 1021 477 1056 25,
502 1020 603 1050 Irasci
624 1020 758 1054 celerem,
783 1023 881 1049 tamen
905 1023 939 1048 ut
960 1020 1122 1059 placabilis
1146 1029 1301 1049 essem.—

41 1059 177 1104 [Teneas
186 1065 247 1094 tuis
262 1061 307 1103 te]
321 1063 472 1094 ‘Contine
488 1068 518 1093 te
534 1064 582 1100 iis,
593 1074 662 1102 quae
678 1063 718 1092 ad
734 1067 763 1092 te
779 1062 956 1102 pertinent;
976 1073 1049 1093 cura
1066 1068 1161 1092 temet
1178 1062 1299 1101 ipsumz

36 1105 116 1138 dios
138 1106 248 1140 missos
271 1105 703 1148 fac.'—[major—insane]
730 1106 847 1145 ‘magis
867 1106 976 1136 insane
1002 1116 1093 1146 parce
1118 1106 1223 1136 minus
1249 1105 1299 1135 in-

36 1149 134 1182 fluo?
442 1167 443 1170 =

543 1236 706 1268 SATIRA
731 1236 787 1267 IV.

81 1322 221 1353 Arxama.
245 1322 291 1353 De
307 1323 407 1359 Catio,
423 1333 516 1362 quem
531 1323 589 1353 sibi
608 1323 758 1353 Horatius
773 1321 865 1361 fingit
887 1322 962 1352 artis
983 1322 1142 1352 culinariae
1162 1327 1193 1353 et
1207 1332 1298 1353 men-

34 1374 79 1399 βε
103 1367 260 1396 struendae
284 1372 440 1406 praecepta
463 1368 586 1397 summi?⁴
612 1377 683 1396 cum
707 1366 858 1405 gravitate
881 1371 912 1395 et
937 1371 1085 1404 tanquam
1109 1376 1148 1395 ex
1175 1366 1297 1405 tripode

35 1410 222 1446 tndentem,
237 1410 358 1440 Comm.
376 1412 470 1449 Cruq.
487 1410 553 1440 haec
569 1410 658 1440 nobis
681 1410 794 1439 refert:
819 1411 840 1426 ‘⁴
852 1410 915 1439 Sub
931 1411 1065 1448 persona.
1081 1409 1161 1439 Catii
1178 1410 1296 1440 risurus

33 1458 83 1483 est
97 1458 189 1492 poeta
206 1453 386 1492 Epicureos,
401 1458 436 1483 ut
450 1453 482 1483 in
499 1453 642 1493 proxime
657 1453 816 1492 superiore
833 1452 901 1482 risit
919 1453 1046 1483 Stoicos.
1094 1453 1166 1482 Fuit
1190 1458 1296 1483 autem

34 1495 82 1527 Π.
98 1496 206 1526 Catius
223 1497 405 1536 Epicureus,
422 1497 475 1536 qui
491 1502 626 1536 quatuor
644 1497 739 1526 libros
762 1496 884 1535 scripsit
904 1496 942 1525 de
959 1506 1063 1526 rerum
1081 1497 1194 1526 natura
1210 1501 1241 1526 et
1258 1496 1296 1526 de

33 1546 156 1571 nmmo
176 1541 268 1576 bono,
288 1541 371 1579 quod
394 1550 490 1579 quum
508 1540 656 1581 Epicurei
678 1540 710 1569 in
732 1540 891 1579 voluptate
914 1546 1076 1578 ponerent,
1100 1540 1158 1569 hoc
1183 1544 1237 1575 est,
1262 1540 1295 1570 in

32 1583 115 1622 gulae
138 1588 171 1613 et
191 1584 327 1622 corporis
350 1583 624 1622 libidine,—rogat
640 1583 764 1613 Catium
784 1583 941 1619 Horatius,
960 1588 994 1612 ut
1011 1583 1068 1612 sibi
1094 1583 1176 1613 dicat
1199 1592 1296 1613 coenae

31 1627 179 1666 pnnndoe
201 1631 233 1656 et
258 1627 440 1656 ordinandae
464 1627 648 1665 magistrum
674 1629 802 1666 ejusque
829 1626 1015 1666 praecepta.”
1061 1627 1141 1656 Sane
1168 1625 1295 1657 Catium

32 1666 210 1706 Insubrem,
230 1670 430 1710 Epicureum,
453 1676 487 1699 ut
509 1670 689 1710 scriptorem
716 1680 816 1709 nuper
839 1670 1007 1700 admodum
1028 1675 1186 1699 mortuum
1210 1679 1296 1699 com-

31 1719 185 1742 memorat
200 1713 318 1749 Cicero,
336 1714 415 1753 Epp.
431 1714 471 1743 ad
485 1714 571 1744 Fam.
590 1714 638 1750 15,
657 1713 696 1744 16
712 1711 762 1752 (A.
775 1722 806 1743 υ.
821 1722 852 1743 e.
868 1711 957 1753 709).
974 1713 1026 1743 cfr.
1046 1714 1178 1746 Quintil.
1198 1713 1247 1750 10,
1266 1713 1296 1749 1,

33 1753 115 1786 124:
147 1756 186 1786 In
208 1756 368 1796 Epicureis
392 1758 464 1787 levis
486 1758 614 1796 quidem,
639 1758 692 1787 sed
716 1768 774 1786 non
796 1756 978 1797 injucundus
997 1762 1095 1786 tamen
1121 1761 1227 1786 auctor
1250 1761 1297 1787 est

33 1798 151 1829 Catius.
197 1799 258 1830 Sed
283 1810 375 1829 nemo
397 1800 602 1839 interpretum
627 1806 740 1839 praeter
757 1800 935 1830 Dacierium
955 1800 1187 1835 animadvertit,
1210 1800 1295 1839 quod

29 1842 127 1872 tradit
144 1843 263 1872 Comm.
282 1843 376 1882 Cruq.
393 1843 433 1872 ad
449 1853 477 1873 v.
495 1843 554 1873 46:
579 1845 598 1860 ‘⁴
610 1844 723 1873 Irridet
739 1853 821 1879 eum,
837 1843 922 1882 quod
942 1844 981 1873 de
1002 1853 1095 1882 opere
1116 1844 1244 1882 pistorio
1261 1843 1294 1873 in

28 1893 88 1916 nuo
102 1885 182 1915 libro
197 1886 303 1916 scribit
325 1886 363 1915 de
385 1896 418 1916 se
438 1887 524 1925 ipso:
549 1887 626 1917 Hac
638 1889 755 1926 primus
770 1888 882 1917 invenit
898 1891 927 1917 et
943 1888 1075 1927 cognovit
1095 1887 1200 1916 Catius
1216 1887 1294 1916 Mit-

15 1927 130 1959 'is'ades
141 1928 173 1958 :⁹¹
190 1928 221 1958 id
238 1929 321 1968 quod
337 1939 461 1968 prorsus
476 1930 621 1960 convenit
642 1940 712 1960 cum
727 1940 755 1960 v.
772 1930 823 1966 74,
838 1930 889 1959 ubi
907 1939 976 1959 cum
995 1940 1108 1968 magno
1124 1930 1170 1959 sui
1188 1939 1294 1959 amore

14 1972 143 2014 ¹ss'tpetit
156 1972 279 2002 Primus
293 1977 322 2002 et
337 1974 480 2003 invenior.
520 1973 626 2003 Fuerit
640 1973 736 2012 igitur
754 1973 860 2003 Catius
879 1974 1047 2007 Miltiades,
1064 1974 1194 2002 libertus
1212 1973 1294 2003 Catii

16 2015 49 2058 ξι
62 2013 214 2045 cicerone
233 2016 408 2052 memorati,
427 2016 557 2056 scriptor
572 2017 610 2047 de
633 2022 698 2046 arte
715 2015 908 2056 coquinaria,
931 2027 1063 2056 persona
1086 2016 1218 2046 ridicula
1237 2026 1294 2055 per

12 2057 127 2089 &utam
141 2059 251 2088 urbem
268 2065 352 2088 nota.

10 2111 34 2134 ,ι’
72 2100 165 2132 1—3.
191 2099 301 2142 [Unde
323 2106 353 2132 et
374 2099 448 2143 quo]
474 2101 623 2132 Ost->San
649 2103 677 2138 l,
700 2104 730 2139 9,
754 2103 806 2134 62.
821 2120 864 2125 —-
879 2101 1012 2143 [Ponere
1035 2100 1140 2143 signa]
1158 2102 1225 2132 haec
1240 2113 1290 2133 vv.

22 2143 191 2175 Merenda
215 2151 290 2174 sunt
314 2145 355 2175 ad
379 2151 476 2175 artem
504 2146 743 2182 mnemonicam,
765 2147 828 2186 qua
851 2148 1021 2176 utebantur
1044 2152 1075 2175 et
1099 2151 1235 2176 oratores
1258 2151 1290 2176 et

12 2198 17 2205 ·
58 2187 80 2228 .'
95 2188 203 2228 osophi
226 2189 358 2227 antiqui.
405 2188 547 2218 Festinat
569 2188 664 2227 igitur
680 2189 788 2219 Catius
808 2200 927 2229 ponere,
950 2189 1077 2225 referre,
1101 2190 1200 2228 signa,
1225 2199 1290 2222 voc.

53 2232 62 2236 “
84 2231 151 2270 prio
173 2233 320 2270 imagines
339 2232 565 2261 sententiarum
586 2241 712 2262 suarum
733 2233 766 2262 in
791 2234 861 2263 locis
880 2243 898 2262 a
917 2242 948 2262 se
966 2233 1073 2271 captis.
1098 2232 1160 2263 Csr.
1179 2233 1290 2272 Script.

22 2272 217 2319 pffflerenn.
234 2275 264 2310 3,
285 2274 420 2305 16-24.
443 2275 507 2305 Cic.
526 2276 564 2304 de
581 2275 632 2304 Or.
649 2276 679 2311 2,
694 2275 746 2311 86,
762 2276 814 2305 ubi
832 2277 847 2314 ξ
866 2276 928 2306 359
952 2276 1018 2314 ipse
1041 2285 1164 2314 quoque
1189 2277 1289 2306 utitur

13 2313 120 2347 'm
129 2326 239 2356 ponere
250 2330 260 2349 .·
283 2318 396 2348 Rerum
412 2319 552 2348 memoria
562 2320 688 2358 propria
702 2323 748 2349 est
762 2320 889 2349 oratoris
899 2330 910 2349 .·
932 2330 995 2349 eam
1010 2320 1138 2359 singulis
1148 2321 1286 2359 personis

28 2357 99 2392 *Β
123 2362 260 2402 positis
291 2366 396 2393 notare
423 2372 590 2402 possumus,
618 2367 653 2393 ut
682 2364 846 2394 sententias
879 2363 1122 2404 imaginibus,
1153 2363 1288 2394 ordinem
