1390 2586
131 111 215 154 246
561 113 928 144 INTERPRETATIO.
1133 90 1135 94 Α
1238 0 1390 158 [1³2me

132 211 258 241 Homeri
281 217 310 241 et
334 211 506 241 Archilochi
539 211 692 249 poemata)
731 200 837 240 eadem
876 212 967 241 etiam
1001 212 1251 251 prestantissima
1278 218 1374 252 sums

130 295 212 325 locus
237 297 396 330 tribuatur,
420 296 556 334 pluribus
577 296 674 325 verbis
696 306 755 324 nou
769 297 834 334 jam
855 306 930 335 opus
946 302 1008 331 est;
1031 298 1126 327 immo
1144 298 1361 329 absurdissima
1375 314 1390 330 aa

130 347 259 376 quaeque
288 337 502 377 ἐνθυμήματα
531 338 574 367 illi
604 338 714 367 similia
738 340 865 377 probare
895 339 1052 368 licet.'—·
1079 338 1151 379 [Nil
1179 338 1276 379 intra]
1315 346 1361 371 est

129 253 242 283 idcirco
272 255 370 283 Latini
399 254 558 292 scriptores
583 254 673 283 simili
696 254 812 283 ratione
838 254 1036 290 aestimantur,
1062 261 1095 284 ut
1116 256 1222 294 priscis
1242 237 1390 294 primus}

1379 291 1390 313 ἢ

1378 331 1390 347 ,r

131 378 300 420 ἐνθύμημα
323 387 508 409 contractum
530 386 559 410 et
583 381 769 419 implicatum
788 390 826 409 ex
848 381 904 416 his,
928 379 977 418 (l)
1002 382 1110 411 ‘Oliva
1123 387 1154 411 et
1169 392 1232 411 nux
1247 382 1360 415 similes
1378 394 1390 415 «t

131 429 202 452 sunt
227 424 351 458 fructus,
375 423 517 461 quoniam
542 433 579 452 ex
601 429 728 461 utraque
753 424 853 452 oleum
877 423 1066 462 exprimitur.
1111 423 1160 462 (2)
1185 423 1270 454 Nihil
1292 425 1374 458 duri‘

132 470 178 494 est
204 465 283 494 intra
306 475 431 499 nucem;
455 475 526 503 ergo
547 475 646 503 neque
668 466 748 494 intra
769 465 888 494 olivam.
933 465 982 503 (3)
1007 466 1092 496 Nihil
1115 467 1182 495 duri
1205 471 1251 496 est
1273 473 1378 501 extra?

132 508 251 541 oleam;
283 517 354 545 ergo
385 517 482 545 neque
510 514 596 536 extra
622 507 752 536 nucem.’
797 508 865 537 Jam
895 508 942 537 his
970 508 1136 538 falsissimis
1165 514 1360 546 argumenta·
1386 523 1387 526 ¹

132 549 276 584 tionibus,
301 550 466 587 aequiparat
490 550 592 579 illam:
625 554 632 565 ‘
651 550 750 579 Graeci
780 550 982 588 antiquissimi
1014 550 1106 579 iidem
1134 557 1205 580 sunt
1233 551 1359 589 optimig

132 601 203 629 ergo
226 592 318 620 etiam
338 592 515 621 Latinorum
542 592 745 630 antiquissimi
771 592 903 630 quique.¹
921 608 963 613 —-
979 590 1152 632 [Venimus]
1185 592 1360 624 Aretissims

133 634 198 663 haec
218 644 285 663 cum
302 634 543 671 pra-cedentibus
564 635 725 664 cohaerent.
772 635 838 663 Hoc
858 634 939 664 enim
961 634 1049 664 dicit:
1074 635 1082 650 ‘
1099 635 1214 664 Eodem
1239 645 1360 674 prorsus

127 677 208 715 jure,
233 677 263 705 id
280 682 335 712 est,
360 687 445 714 aeque
461 677 600 712 absurde,
623 677 805 706 contendere
820 686 979 715 possumus
994 686 1048 706 nos
1068 677 1098 706 in
1115 678 1255 706 omnibus
1270 679 1360 709 rebus

133 719 245 757 primas
267 725 370 748 tenere
390 719 519 756 ideoque
542 720 659 748 nullum
681 729 870 757 progressum
894 719 991 748 facere
1009 729 1107 758 posse,
1133 729 1193 748 non
1215 721 1310 749 solum
1326 720 1359 752 iu

132 766 198 790 arte
214 761 346 796 militari,
371 762 423 790 sed
446 761 536 790 etiam
557 762 588 790 in
610 762 646 790 iis
670 761 794 795 artibus,
817 771 902 800 quas,
923 761 1096 800 quicunque
1112 771 1207 791 caecus
1229 771 1289 791 non
1304 768 1359 798 est,

131 803 236 832 scitius
259 813 276 832 a
297 804 410 833 Graecis
435 803 569 832 exerceri
593 801 915 844 fatetur.’—[unctis]
941 804 1039 832 Graeci
1062 813 1155 842 quum
1180 804 1301 833 assidue
1327 804 1361 838 in

132 846 286 883 palaestras
310 857 379 875 suas
402 847 582 875 descendere
608 847 749 880 solerent,
773 846 947 883 frequenter
971 846 1038 875 oleo
1061 847 1263 883 ungebantur.
1298 846 1359 878 crr.

133 888 211 917 Plin.
237 889 315 926 Epp.
335 889 382 924 10,
406 886 665 928 49.--[arroget]
692 889 798 917 'velut
815 889 1006 926 arrogatione
1029 889 1061 917 in
1087 888 1216 918 comitiis
1238 888 1360 922 curiatis

132 930 221 964 sacta,
244 931 378 968 legitime
404 931 511 959 afferat
533 941 567 959 ac
592 932 703 960 tribuat
717 941 724 960 ι
738 931 745 943 ’
768 931 810 960 sic
826 931 882 960 Od.
899 931 927 964 4,
947 930 994 963 14.
1020 930 1071 968 40,
1093 931 1180 961 decus·
1199 932 1358 970 arrogavit.
1374 934 1387 964 f¹

131 988 174 993 —
193 971 336 1012 [decidit]
361 974 369 988 ¹
386 979 522 1002 mortuus
544 973 609 1007 est‚'
632 973 764 1010 imagine
787 982 805 1002 a
829 973 908 1002 soliis
932 973 1051 1002 caducis
1075 972 1379 1012 repetil‘‹i.—[E.2·—·¹

133 1014 251 1055 cludat]
279 1019 285 1031 ‘
304 1015 450 1045 Definitio
470 1015 613 1053 temporis
635 1021 793 1053 certusque
816 1015 963 1044 terminus
987 1015 1108 1044 dirimat
1133 1015 1216 1044 litem
1240 1021 1269 1045 et
1288 1025 1359 1045 con-

133 1058 310 1086 troversiam
336 1055 737 1097 componat.'—[deperiit]
761 1058 848 1087 ovid.
871 1058 960 1087 Trist.
978 1057 1008 1092 4,
1033 1057 1079 1091 10,
1096 1057 1144 1087 82.
1165 1059 1264 1096 perire
1284 1060 1360 1092 item

132 1100 171 1129 de
187 1107 283 1129 morte
299 1101 438 1129 naturali.
452 1116 493 1121 --
517 1098 807 1139 [caudae—eqninae]
833 1100 972 1129 Fortasse
987 1100 1201 1129 recordabatur
1223 1105 1302 1129 notae
1321 1101 1371 1131 de'

133 1142 266 1171 Sertorio
281 1143 515 1171 narratiunculae
530 1143 611 1180 apud
629 1143 706 1171 Plut.
719 1143 793 1171 Sert.
808 1142 856 1172 16.

174 1184 307 1219 47-49.
334 1183 437 1224 [cadat
453 1182 567 1222 elusus]
590 1191 623 1214 ut
643 1184 792 1222 gladiator
815 1186 852 1213 ab
872 1183 1043 1213 adversario
1063 1189 1158 1213 artem
1178 1184 1275 1221 magis
1296 1185 1358 1214 cal-

131 1227 214 1256 lente
230 1229 327 1256 elusus
346 1233 376 1256 et
398 1227 520 1256 tandem
539 1228 634 1256 victus
650 1227 788 1256 concidit.
801 1224 998 1266 -[rat²'one]
1021 1227 1031 1241 ⁴
1045 1227 1153 1255 eodem
1174 1227 1274 1262 modo,
1297 1236 1358 1265 quo

131 1269 303 1298 necessario
325 1270 438 1298 corruit
463 1270 584 1298 tandem
615 1279 748 1305 acervus,
779 1269 827 1298 cui
851 1268 994 1298 continuo
1018 1278 1113 1298 unum
1137 1278 1266 1306 granum
1291 1275 1360 1308 post

132 1312 262 1340 alterum
288 1311 512 1345 subtraxeris3'
544 1321 612 1341 cum
639 1311 713 1340 scita
739 1312 839 1340 soritae
869 1321 893 1340 s.
926 1312 1189 1350 argumentationis
1215 1313 1359 1342 acervatis

133 1352 210 1391 (Cic.
240 1355 276 1383 de
308 1354 409 1383 Divin.
439 1355 467 1389 2,
494 1354 524 1383 4.
564 1355 655 1384 Acad.
683 1354 715 1388 2,
741 1353 794 1392 16)
818 1353 1103 1391 significatione.—
1122 1351 1201 1392 [Qui
1225 1355 1303 1383 redit
1327 1355 1360 1384 in

123 1393 240 1435 fastos]
265 1398 273 1412 ‘
291 1397 351 1428 Qui
379 1397 466 1425 unice
490 1394 679 1434 antiquitatis
705 1397 853 1425 rationem
879 1393 1185 1435 inm—[Libitina]
1215 1395 1277 1425 Cfr.
1301 1396 1358 1428 Od.

131 1438 162 1473 3,
178 1439 227 1472 30,
244 1438 272 1473 7.
298 1440 358 1468 Sat.
375 1440 404 1474 2,
420 1439 449 1474 6,
465 1438 512 1470 19.

175 1482 326 1514 50-52.,
345 1480 476 1520 [Ennius
501 1485 529 1510 et
549 1481 682 1519 sapiens]
716 1482 809 1510 Suum
839 1479 996 1518 ingenium
1026 1479 1090 1518 ipse
1119 1479 1277 1518 descripsit
1302 1478 1357 1518 (A.

134 1523 250 1552 Gellius
269 1524 316 1558 12,
334 1523 362 1553 4.
389 1524 508 1559 Fragm.
534 1524 614 1552 Ann.
630 1524 658 1558 7,
678 1521 868 1562 104—111).
883 1523 934 1551 ubi
950 1523 1030 1552 inter
1045 1523 1104 1551 alia
1117 1522 1183 1551 haec
1197 1523 1358 1560 leguntur:

132 1566 239 1600 ἀοι-ια’,
251 1567 513 1603 fidelis—verbum
529 1567 669 1601 Paucum,
690 1567 782 1595 multa
795 1573 894 1595 tenens
908 1567 1040 1604 antiqua,
1062 1566 1186 1604 sepulta,
1201 1569 1360 1594 vetusta—-

133 1609 300 1637 Multarum
328 1613 455 1638 veterum
485 1610 580 1647 legum
610 1609 745 1647 dinmque
775 1609 974 1646 hominumque
1004 1608 1191 1637 Prudentem.
1207 1623 1250 1628 -—
1266 1605 1360 1645 [alter

131 1649 296 1690 Homerus]
329 1651 605 1689 ‘quemadmodum
630 1651 742 1679 scilicet
766 1650 860 1679 critici
883 1650 976 1678 nostri
1001 1649 1113 1685 Latini,
1140 1650 1293 1686 elegantes
1314 1647 1360 1679 illi

132 1693 266 1731 profecto
281 1703 314 1722 ac
330 1693 430 1731 periti,
446 1694 643 1727 contendunt,
659 1693 892 1731 aequiparandus
911 1692 1062 1722 Homero.'
1093 1693 1102 1707 ‘
1114 1692 1199 1721 Adeo
1213 1696 1359 1730 praestans

132 1744 205 1771 ergo
220 1742 265 1764 est
280 1742 379 1773 poeta,
395 1742 428 1764 ut
452 1735 568 1772 (leviter
582 1734 702 1772 curare)
718 1744 839 1772 prorsus
855 1744 978 1764 securus
994 1744 1058 1763 esse
1073 1734 1166 1772 possit
1182 1735 1219 1763 de
1233 1742 1359 1766 suorum

131 1778 348 1815 promissorum
372 1784 493 1815 eventu,
521 1787 588 1815 quae
617 1787 696 1806 nunc
722 1778 827 1815 magis,
857 1787 947 1815 quam
970 1777 1095 1806 sortasse
1124 1777 1188 1815 ipse
1213 1781 1359 1814 sperarat.

131 1819 258 1857 impleta
282 1818 571 1859 udal—[somnia
595 1817 798 1858 Pythagorea]
838 1819 1100 1848 Pseudocornutus
1123 1819 1163 1848 ad
1190 1819 1271 1847 Pers.
1293 1818 1358 1851 Sat.

132 1859 162 1896 G,
178 1862 208 1896 9,
230 1863 287 1891 Cor
297 1861 386 1901 jubet
411 1864 464 1892 hoe
486 1864 575 1897 Enni,
599 1867 750 1901 postquam
775 1863 933 1892 destertuit
955 1872 1016 1891 esse
1035 1862 1206 1896 Maonides,
1232 1861 1360 1892 Quintus

128 1914 242 1942 pavone
265 1915 300 1934 ex
323 1905 528 1944 Pythagoreo:
562 1905 632 1934 ‘Sic
661 1905 742 1933 enim
773 1905 815 1933 ait
844 1903 959 1933 Ennius
986 1903 1017 1933 in
1037 1903 1206 1933 Annalium
1234 1911 1359 1932 suorum

132 1947 292 1985 principio,
317 1949 366 1976 ubi
387 1957 419 1976 se
439 1947 512 1976 dicit
530 1947 638 1976 vidisse
654 1947 685 1976 in
701 1947 826 1976 somniis
843 1947 1010 1976 Homerum
1033 1946 1194 1980 dicentem,
1218 1945 1310 1974 fuisse
1325 1953 1359 1976 se

133 1990 285 2026 quondam
307 1999 453 2028 pavonem
476 1995 506 2018 et
529 1999 566 2018 ex
590 1999 625 2018 eo
647 1990 824 2018 translatum
842 1989 874 2018 in
891 1998 922 2017 se
937 1988 1075 2031 animam'
1092 1997 1168 2023 esse,
1189 1987 1359 2017 secundum

132 2031 313 2069 Pythagorae
336 2032 554 2067 definitionem,
579 2032 629 2069 qui
646 2032 728 2065 dicit,
754 2032 870 2061 animas
893 2031 1042 2060 humanas
1065 2035 1212 2060 exeuntes
1234 2039 1271 2058 ex
1293 2038 1359 2058 cor-

130 2074 255 2111 poribus
271 2075 300 2102 in
318 2075 377 2103 alia
395 2084 483 2113 posse
500 2074 647 2104 transire)
703 2075 749 2103 Ex
766 2084 801 2103 eo
817 2072 936 2103 somnio
950 2078 1113 2111 supersunt
1133 2073 1180 2102 hae
1201 2070 1356 2110 reliquiae:

135 2116 315 2146 Transnavit
343 2118 403 2146 cita
427 2127 483 2155 per
512 2122 627 2146 teneras
653 2117 790 2155 caliginis
822 2126 912 2146 aurae
938 2114 1054 2154 (anima
1085 2111 1246 2154 Homeri):
1279 2115 1358 2145 visus

130 2158 278 2187 Homerus
291 2160 393 2188 adesse
405 2163 500 2197 poeta.
549 2159 620 2188 Tum
635 2160 750 2188 memini
756 2160 826 2196 fieri
841 2169 885 2188 me
896 2168 1011 2196 pavum.

173 2200 225 2236 53,
240 2202 290 2230 54.
316 2199 470 2240 [Naevius]
495 2203 502 2217 ⁸
515 2202 581 2239 lpse
597 2202 647 2230 ille
666 2201 798 2235 Naevius,
822 2201 876 2230 etsi
906 2199 1006 2229 Ennio
1027 2209 1099 2229 sane
1119 2198 1357 2238 postponendus,

131 2252 231 2271 nonne
257 2245 421 2281 permultos
443 2243 535 2272 etiam
559 2253 638 2272 nunc
662 2244 788 2272 lectores
809 2243 900 2272 habet
919 2248 1010 2280 atqut²
1024 2242 1220 2271 admiratores
1230 2240 1253 2270 Γ
1299 2240 1356 2271 Cn.

132 2285 255 2314 Naevius
292 2294 407 2315 A.u.c.
437 2286 499 2316 519
535 2286 662 2324 primam
692 2286 823 2314 fabulam
853 2285 965 2320 docuit,
993 2290 1130 2314 mortuus
1154 2290 1266 2312 A.u.c.
1293 2283 1356 2313 550

131 2327 239 2364 Uticae,
256 2327 287 2357 in
305 2328 406 2358 exilio.
452 2329 563 2358 Praeter
578 2328 740 2366 tragoedias
762 2333 792 2357 et
806 2327 968 2358 comoedias
982 2326 1189 2357 celebrabatur
1205 2327 1270 2364 ejus
1286 2325 1357 2355 hel-

1274 2466 1287 2478 Q
