1390 2586
151 90 234 133 274
585 94 952 126 mmnenenrto.
1244 96 1366 138 [mn.

155 191 289 220 oratione
305 191 394 221 nimis
408 192 513 221 ornata
529 190 635 230 (veluti
651 202 688 222 ex
702 194 833 223 colorum
846 203 880 223 ac
894 193 1115 231 pigmentorum
1125 204 1204 231 vase,
1220 194 1367 238 ληκύθῳ)

155 234 314 263 ambitiosa
342 239 372 262 et
397 234 558 271 pigmentis
581 235 673 264 veluti
699 233 1147 276 tumida'—[sesquipedalia]
1170 239 1368 277 polysyllnbn.

155 276 256 314 qualia
284 273 441 314 ἁμαξιαῖα
469 283 553 305 vocat
578 276 805 315 Aristophanes.
861 278 1041 316 Hujusmodi
1070 287 1117 309 vv.
1145 280 1311 318 praesertim
1335 281 1368 312 in

155 319 420 356 compositionibus
446 320 655 348 vocabulorum
685 320 861 349 Latinorum
882 322 962 359 apud
985 326 1099 350 veteres
1120 322 1247 360 tragicos
1269 323 1369 354 neseio

155 360 229 398 quid
245 360 373 389 affectati
398 361 510 390 habent
532 362 690 399 minusque
713 362 849 400 apposita
870 367 941 391 sunt
955 372 1032 392 verae
1047 364 1193 393 mestitia!
1209 374 1244 394 ac
1259 364 1368 397 timori.

155 403 272 431 Gellius
290 403 337 434 19.
353 402 381 438 7,
409 412 446 431 ex
464 403 556 432 Laevii
572 404 702 433 Alcesti:
726 407 844 434 Aurora
862 405 1166 443 pudorieoIm—euris
1184 407 1369 438 intulerant-'-

156 445 360 474 bus—Nestor
375 446 572 475 triseclisenex
586 450 615 475 et
629 447 866 485 dulcioreloquus.
1360 463 1365 469 >

196 487 246 516 99.
271 484 354 525 [Non
379 485 468 526 satis]
503 488 676 518 Aretissime
702 489 765 517 hoec
791 489 851 525 (vv.
872 488 1031 526 99—107)
1053 499 1188 519 connexa
1206 495 1276 520 sunt
1298 500 1367 522 eum

153 530 410 566 antecedentibus,
433 529 544 568 quippe
565 540 657 568 quum
673 531 722 559 ille
738 531 904 566 dumtaxat,
930 531 981 568 qui
1005 536 1102 561 servat
1118 533 1233 570 operum
1247 533 1365 570 colores,

155 571 207 608 qui
229 570 350 610 projicit
374 573 526 610 ampullas,
553 573 611 612 &eq
642 572 764 602 intimos
792 579 992 611 spectatorum
1021 574 1143 603 effectus
1169 584 1298 610 movere,
1319 576 1366 606 vel

155 613 288 642 laetitiam
307 614 351 642 vel
367 614 656 644 commiserationem
677 625 710 644 ac
730 625 888 643 maerorum
910 615 941 643 in
966 615 1050 644 nobis
1070 616 1199 646 excitare
1213 617 1366 655 possit.—

156 654 315 694 [pulchra]
352 655 444 685 ‘artis
477 657 592 694 legibus
622 667 742 695 prorsus
770 657 841 686 satis
876 657 1034 686 facientia!
1087 659 1193 688 “Sunt
1227 660 1366 696 quedam

153 703 303 735 poemata,
332 708 398 736 quae
430 699 543 728 habent
573 696 759 738 οἰκονομίαν
782 705 812 728 et
841 699 951 728 diserta
975 701 1158 738 probataque
1185 704 1286 736 verbs,
1313 701 1367 732 sed

153 739 306 768 interdum
327 746 428 770 carent
450 742 487 770 eft
503 747 658 770 venustate
673 747 703 770 et
718 741 886 777 dulcedine,
910 741 1019 779 quibus
1033 752 1108 779 opus
1123 747 1167 772 est
1182 743 1219 772 ad
1243 753 1367 773 moven-

153 781 226 810 dum
255 783 428 820 spectatoris
458 783 623 812 animum.”
657 784 761 813 Comm.
779 784 880 813 Cr.—
895 781 1026 822 [dulcia]
1049 781 1276 825 ψυχαγωγικά,
1298 795 1366 824 qun

152 824 235 852 suavi
253 825 342 853 etiam
359 825 625 854 commiserationis
640 826 791 863 voluptate
806 826 937 854 afficiant
951 826 1075 855 animos.

198 866 370 901 lot—107.
410 864 471 906 [Ut
493 866 672 906 ridentibus]
707 868 841 907 Exponit
866 868 924 896 vim
952 866 1365 909 συμπαθείας.-[αάειιπί]

154 909 162 924 ⁶
174 915 282 946 praesto
298 916 367 937 sunt
381 921 387 942 ;
410 919 460 938 eos
475 911 564 938 anxie
579 911 759 939 comitantur
778 919 895 948 semper
911 910 1016 939 variati
1031 920 1083 948 spe
1097 911 1260 948 metuque!
1297 911 1368 941 Ari.

152 956 220 979 stot.
244 951 331 980 Rhet.
348 951 376 986 3,
393 951 427 986 7:
454 951 703 991 συνομοιοπαθεῖ
716 949 765 981 ἀεὶ
781 950 798 980 ὀ
812 949 942 982 ἀκούων
961 952 1008 992 τῷ
1026 950 1213 989 παθητικῶς
1226 950 1366 993 λέγοντι.

153 992 229 1021 Cum
258 993 384 1022 Bentleii
408 995 518 1031 adflent
540 1004 710 1032 comparare
739 995 833 1032 possis
857 994 979 1023 Lucian.
996 995 1033 1023 de
1057 996 1128 1024 Salt.
1144 994 1202 1030 72:
1226 993 1244 1024 ‹¹›
1263 995 1304 1036 ᾄς
1329 995 1366 1026 τὸ

153 1032 289 1074 θέατρον
316 1036 432 1073 μισοῦν
455 1035 515 1075 μὲν
544 1035 586 1065 τὰ
611 1037 714 1071 κακῶς
738 1034 925 1076 γιγνόμενα,
960 1033 1199 1077 ἐπιδακρῦον
1252 1037 1264 1066 ἑ
1297 1038 1367 1075 τοῖς

153 1074 380 1117 ἀδικουμένοις.
393 1077 593 1117 —[H11mani
613 1077 724 1117 vultus]
748 1079 879 1107 Humani
900 1078 1028 1108 otiosum
1051 1089 1111 1108 non
1126 1085 1179 1115 est,
1203 1081 1256 1108 sed
1270 1080 1366 1118 signi-

152 1119 230 1154 ficat,
257 1122 264 1134 ‘
277 1122 385 1149 absunt
400 1126 520 1158 propter
541 1121 571 1149 id
592 1120 701 1158 ipsum,
723 1122 803 1158 quod
818 1121 955 1149 homines
979 1131 1083 1150 sumus
1105 1127 1135 1151 et
1156 1122 1365 1152 condolescere

151 1170 218 1190 cum
244 1162 311 1190 aliis
334 1171 501 1200 possumus,
527 1162 557 1191 id
577 1163 657 1200 quod
677 1163 773 1191 brutis
794 1163 974 1200 animalibus
994 1169 1136 1201 negatum
1157 1164 1274 1192 est.'—
1291 1162 1367 1203 [ipsi

151 1201 222 1243 tibi]
250 1204 394 1236 Quinctil.
415 1204 444 1239 6,
464 1205 494 1242 2,
516 1205 565 1240 26,
594 1205 711 1234 Summa
737 1207 811 1235 enim
839 1206 919 1234 circa
946 1206 1095 1235 movendos
1113 1205 1235 1244 affectus
1259 1207 1291 1235 s‘n
1313 1208 1366 1237 hoc

146 1248 244 1284 posita
265 1252 318 1281 est,
344 1250 377 1276 ut
401 1256 564 1276 moveamur
588 1248 655 1285 ipsi,
681 1247 730 1286 ἅτ.
754 1262 795 1268 —-
818 1244 955 1286 [loedent]
979 1249 987 1262 ‘
1002 1248 1142 1277 maestitifi
1163 1257 1211 1276 me
1233 1248 1367 1278 afficient

149 1288 346 1326 lacrimasque
372 1288 446 1317 mihi
469 1289 691 1320 excutient.'—
710 1286 800 1328 [male
824 1290 850 1318 εἰ
872 1290 1012 1319 mandata
1033 1288 1173 1329 loqueris]
1195 1289 1240 1319 ‘si
1264 1292 1365 1326 verbs,

150 1340 218 1368 quae
233 1336 262 1358 te
277 1331 402 1360 recitare
419 1332 507 1369 jubet
522 1338 619 1369 poeta,
641 1331 755 1360 intimae
774 1330 817 1360 illi
837 1331 930 1360 animi
953 1331 996 1360 tui
1015 1332 1182 1367 sententiae‚
1204 1341 1295 1370 quam
1309 1342 1365 1372 pro

149 1373 320 1401 conditione
338 1374 389 1402 tua
404 1383 541 1410 promere
564 1374 696 1409 deberes,
719 1383 780 1402 non
800 1374 992 1411 respondent,
1015 1374 1068 1403 sed
1088 1375 1134 1403 vel
1156 1375 1272 1404 tumide
1293 1379 1367 1404 sunt

150 1416 195 1443 vel
218 1415 401 1452 frigida.'-
415 1413 559 1453 [severum
580 1414 673 1454 seria]
702 1416 784 1445 Inter
804 1418 899 1445 serius
919 1422 950 1445 et
969 1426 1084 1446 severus
1105 1416 1162 1446 boe
1183 1416 1364 1447 discriminis

148 1463 203 1491 est,
233 1463 266 1486 ut
289 1458 372 1495 prius
397 1457 458 1486 fere
484 1467 602 1496 semper
623 1458 739 1486 dicatur
766 1459 804 1487 de
826 1459 925 1493 rebus,
953 1458 1100 1497 posterius
1121 1459 1159 1488 de
1181 1458 1362 1489 hominibus.

147 1499 331 1529 Risum-mu.
346 1500 384 1528 ad
401 1500 469 1528 Ter.
488 1500 566 1529 Eun.
582 1500 611 1530 3.
627 1500 656 1534 3,
673 1500 700 1534 7.

191 1541 362 1571 108—113.
388 1540 524 1580 [Format
538 1540 628 1580 enim]
653 1542 819 1570 Confirmat
838 1542 1010 1580 praecedens
1030 1548 1212 1581 praeceptum
1234 1541 1281 1572 his
1295 1552 1361 1572 vm:

147 1584 155 1599 ‘
166 1584 283 1613 Veritas
298 1590 398 1612 autem
414 1585 478 1613 haec
495 1583 585 1621 ἠθῶν
600 1582 654 1613 καὶ
669 1582 784 1613 παθῶν
795 1594 812 1613 a
824 1584 910 1613 bonis
925 1584 1020 1622 poetis
1034 1584 1172 1622 religiose
1186 1590 1304 1614 servata
1315 1585 1363 1615 vel

146 1626 215 1655 ideo
231 1626 396 1655 necessaria
411 1633 465 1660 est,
487 1627 566 1664 quod
582 1626 750 1655 animorum
768 1626 886 1655 habitus
901 1631 931 1655 et
945 1627 1070 1656 affectus
1083 1627 1214 1656 maxime
1229 1627 1364 1665 pendent

146 1677 181 1698 ac
196 1674 402 1707 temperantur
421 1670 458 1697 ab
480 1668 612 1697 externis
626 1678 820 1707 personarum
835 1667 979 1703 fortunis;
1002 1679 1069 1706 quae
1083 1670 1227 1708 cujusque
1243 1668 1364 1700 fortuna

147 1720 239 1748 quum
258 1716 327 1739 nota
341 1710 380 1739 sit
394 1711 620 1748 spectatoribus,
641 1720 695 1739 suo
712 1712 781 1749 jure
804 1711 965 1749 postulant,
987 1717 1020 1740 ut
1042 1721 1109 1749 quae
1131 1711 1272 1748 loquitur,
1292 1720 1362 1741 cum

146 1753 302 1782 affectibus
318 1753 370 1781 tali
386 1753 505 1782 fortuna
521 1753 675 1782 concitatis
690 1763 810 1791 prorsus
825 1758 1006 1790 congruant3
1030 1754 1108 1791 quod
1125 1753 1156 1782 ni
1173 1753 1215 1789 fit,
1229 1753 1362 1783 fabulam

146 1795 333 1833 explodunt.'
347 1811 389 1815 —
405 1793 568 1834 [habitum]
603 1796 611 1810 ⁴
626 1801 736 1824 statum
767 1801 796 1824 et
825 1794 1049 1824 conditionem!
1065 1811 1107 1816 —
1123 1793 1244 1834 [juvat]
1282 1796 1291 1811 ‘
1306 1794 1362 1826 v‘et

146 1837 252 1866 laetitia
278 1846 330 1866 nos
354 1836 455 1874 afficit,
479 1838 525 1866 vel
549 1838 674 1874 affligit!
688 1836 869 1876 —-[equites
886 1835 1073 1877 peditesque]
1106 1837 1160 1866 Est.
1182 1837 1274 1866 veluti
1300 1837 1361 1867 for-

146 1880 229 1908 mula
258 1880 411 1908 universos
440 1879 573 1911 Quirites
598 1880 808 1917 complectens.
854 1880 917 1909 Cic.
939 1880 976 1908 de
1001 1880 1092 1918 Legg.
1115 1879 1147 1915 3,
1169 1879 1200 1915 3,
1224 1880 1363 1910 Censores

145 1923 273 1960 equilum
298 1923 487 1960 peditumque
513 1923 622 1960 prolem
649 1923 842 1951 deseribunto.
910 1921 974 1950 Liv.
1005 1921 1033 1956 l,
1061 1921 1111 1956 44,
1150 1922 1254 1951 Omnes
1284 1923 1362 1951 eive:

144 1964 269 1993 Romani
297 1965 407 2002 equites
432 1964 667 2003 peditesque.—
683 1962 831 2003 [pedites]
871 1964 1031 1992 ‘tenuiore
1059 1964 1123 1993 loco
1145 1963 1222 1993 orti.’
1282 1964 1360 1993 Nam

145 2007 235 2035 etiam
252 2006 389 2035 homines
404 2006 442 2034 de
457 2006 545 2043 vulgo
567 2005 752 2046 συμπαθείᾳ
774 2005 843 2035 tacti
865 2006 1095 2045 persentiscunt,
1115 2011 1215 2035 utrum
1237 2006 1360 2035 affectus

144 2054 224 2077 recte
239 2058 276 2076 an
293 2057 377 2076 secus
393 2048 524 2086 expressi
541 2048 600 2077 sint
614 2058 631 2077 a
647 2050 744 2086 poeta.

188 2090 255 2120 114.
278 2088 453 2129 [Interern't]
477 2090 544 2119 Jam
561 2100 654 2128 quum
670 2091 700 2119 in
713 2091 838 2119 affectus
852 2090 1032 2125 animorum,
1048 2089 1079 2119 in
1094 2089 1267 2125 sententias,
1283 2098 1358 2127 quas

142 2133 299 2170 proferunt
314 2132 482 2161 fabularum
496 2142 642 2170 personae,
665 2138 755 2170 atque
777 2132 807 2161 in
824 2132 923 2170 ipsum
945 2133 1090 2171 cuiusque
1105 2141 1240 2171 personae
1261 2141 1358 2169 genus

141 2174 261 2203 dicendi
277 2180 385 2212 praeter
399 2174 573 2203 mutabilem
588 2174 738 2203 fortunam
759 2183 899 2212 magnam
920 2174 980 2203 vim
1003 2179 1142 2203 exerceat
1160 2173 1251 2203 etiam
1275 2179 1358 2210 aetas,

142 2226 241 2251 sexus,
257 2217 325 2244 vitae
334 2226 439 2254 genus,
457 2217 555 2255 stirps,
571 2217 661 2252 natio,
673 2216 857 2253 cautionum,
871 2226 939 2254 quae
950 2226 988 2245 ex
1004 2217 1050 2245 his
1062 2214 1356 2246 dissimilitudinibus

141 2259 285 2294 oriantur,
300 2259 441 2287 admonet
457 2259 580 2288 Pisones
595 2269 640 2287 vv.
654 2258 823 2289 114—118.
869 2258 1020 2296 Equidem
1035 2263 1156 2296 propter
1172 2258 1249 2287 hanc
1263 2257 1356 2296 potis-

140 2301 250 2330 simum
279 2301 426 2330 rationem
451 2301 570 2332 dinume
591 2301 720 2340 praetuli,
742 2301 822 2339 quod
844 2310 898 2340 per
925 2305 1020 2330 totum
1043 2301 1072 2330 h.
1098 2300 1117 2330 1.
1147 2299 1185 2329 de
1208 2299 1356 2338 tragoedis
