1390 2586
1359 0 1390 69 ξὲ

121 86 206 128 276
540 87 906 119 INTERPRETATIO.
1224 79 1348 131 [Μή
1368 91 1371 109 s

129 196 198 215 curn
214 186 308 215 altero
325 185 443 223 fugiens
456 195 486 214 se
503 184 533 214 in
549 195 631 214 mare
647 186 875 224 praecipitavit.”
898 188 996 218 Aaron
1011 188 1134 218 Nannii.
1145 203 1187 209 -—
1204 188 1353 228 [Perfidae

128 226 232 267 Ixion]
266 228 364 257 Schol.
383 228 413 257 in
432 228 570 266 Aponon.
588 228 617 262 3,
633 228 690 257 62:
713 225 818 262 Ἰξίων
833 227 986 269 γαμήσας
1007 231 1092 261 Δῖαν
1114 229 1178 266 τὴν
1202 228 1352 269 'movi-ug

130 267 305 310 Θυγατέρα,
327 268 438 300 πολλὰ
465 267 626 309 ὑπέσχετο
652 268 765 300 δώσειν
785 268 871 300 ἐ’ὂνα.
916 270 1092 308 Ἐλθόντος
1115 269 1147 302 δὲ
1170 271 1226 302 ἐπὶ
1249 273 1354 304 ταῦτα

129 314 189 343 τοῦ
218 309 382 349 Ἠϊονέως,
409 309 561 351 βέρεθρον
592 310 733 348 ποιήσας
758 312 812 342 καὶ
842 313 1068 354 πυρακτώσας,
1101 313 1252 348 σκεπάζει
1273 313 1353 347 αὐτὸ

130 354 266 389 λεπτοῖς
288 352 397 388 ξύλοις
420 353 472 383 καὶ
494 353 579 384 κόνει
597 347 717 394 λεπτῇ·
739 353 888 394 ἐμπεσὼν
911 354 943 385 δὲ
964 354 980 386 ὁ
995 354 1142 392 Ἠϊονεὺς
1155 354 1374 388 ἀπόλλντασ.

129 396 240 427 λύσσα
264 394 294 426 δὲ
319 397 364 435 τῷ
385 394 495 430 Ἰξίονι
517 394 644 426 ἐνέπεσε
667 394 718 426 διὰ
741 397 836 427 τοῦτο
859 408 884 427 κ.
901 409 928 428 τ.
944 397 1026 427 λ.-
1043 397 1093 437 [Io
1105 398 1198 438 vaga]
1221 404 1251 429 et
1264 408 1355 438 prop-

133 446 217 468 terea
232 439 332 471 anxia,
352 445 384 467 ut
398 445 551 476 comparet
573 439 603 467 in
620 439 756 476 AEschyli
775 440 962 470 Prometheo.
974 457 1016 462 —
1033 438 1162 480 [tristis]
1188 441 1269 479 Virg.
1282 441 1354 471 ΕΠ.

134 482 164 517 3,
180 482 253 518 311,
274 482 412 510 scelerum
419 479 515 519 furiis
530 482 662 519 agitatus
680 483 805 511 Orestes.
1250 494 1254 497 ·

180 523 351 553 125-128.
387 522 436 562 [Si
461 522 548 562 quid]
583 523 724 552 Refertur
749 524 787 552 ad
812 534 838 553 V.
857 524 978 554 119.—
995 521 1208 564 [inexpertum]
1241 526 1355 563 ‘argn-

135 573 272 594 mentum
298 566 432 594 nondum
459 567 495 594 ab
522 565 581 594 alio
605 566 693 603 poeta
723 567 902 595 tractatum!
947 567 1000 595 ‘Si
1022 565 1126 606 μῦθον
1155 566 1218 605 ipse
1242 567 1357 605 fingere

135 609 240 645 audes,
254 615 323 636 ante
339 607 439 636 omnia
456 617 576 636 necesse
591 613 645 642 est,
662 609 787 636 utnulla
803 609 868 646 ejus
883 618 951 646 pars
966 608 1016 637 alii
1033 615 1188 647 repugnet.
1220 609 1355 646 Verum‚’

135 651 245 688 inquit,
270 651 404 687 ‘difficile
425 655 467 678 est
487 651 606 688 proprie
621 652 780 679 eommunia
794 651 911 680 dicere!
954 651 1030 682 Quae
1046 660 1093 680 vv.
1110 651 1250 680 videntur
1271 651 1356 690 quasi

135 702 278 721 conversa
305 702 340 721 ex
365 693 489 721 Graeco:
520 691 670 730 χαλεπὸν
693 691 734 721 τὰ
759 691 850 722 κοινὰ
867 689 933 722 ἴδια
955 693 1175 723 ποιεῖν-ὼ
1198 695 1358 724 communia

136 734 167 763 in
181 736 249 774 jure
264 735 343 763 civili
360 740 503 763 vocantur
518 744 563 769 ea,
586 744 652 772 quae
667 734 803 763 omnium
818 741 898 770 sunt,
922 741 956 763 ut
971 745 1031 770 aer,
1047 745 1139 768 mare.
1161 735 1257 771 litora,
1273 745 1356 773 quoe-

136 786 195 814 que
211 787 227 805 a
244 777 365 805 nemine
381 783 451 805 sunt
466 782 609 814 occupata
624 786 657 806 ac
679 787 814 815 possessa
832 783 862 806 et
876 782 1002 815 possunt
1022 777 1085 806 fieri
1101 777 1190 816 primi
1212 778 1358 816 cujusque

136 819 319 857 occupantis.
346 820 388 848 sic
410 819 440 847 in
463 819 544 856 poesi
563 825 592 847 et
614 819 788 857 eloquentia
809 821 968 848 communia
982 826 1051 848 sunt
1066 819 1168 848 omnia
1182 829 1227 854 ea,
1249 819 1358 857 quibus

135 861 212 890 alius
239 871 325 899 aeque
351 860 394 890 uti
415 867 511 899 potest
534 868 625 898 atque
641 870 706 898 ego,
730 861 791 891 h.1.
806 862 994 899 potissimum
1017 859 1081 898 ἢθη
1100 862 1253 899 generalia
1276 861 1358 900 (abs-

137 907 235 932 tracta
267 914 334 940 quae
363 902 542 942 appellant),
575 908 609 932 ut
635 910 705 932 sunt
735 904 863 932 hominis
891 904 1039 938 iracundi,
1068 903 1207 939 crudelis,
1243 903 1358 940 ferocis,

137 946 237 974 callidi
255 946 423 984 proditoris,
446 945 500 974 viri
517 946 664 983 generosi,
682 946 733 974 sed
750 945 889 980 infelicis,
905 947 959 974 &c.
1004 944 1089 975 Talia
1105 953 1205 974 autem
1222 945 1253 974 in
1269 955 1359 984 argu-

137 995 240 1016 mento
263 998 383 1026 prorsus
407 988 484 1021 ficto,
507 988 537 1016 id
558 994 612 1023 est,
636 997 695 1016 non
712 997 748 1016 ex
765 988 952 1025 mythologie
968 988 1104 1025 repetito,
1123 990 1241 1026 proprie
1261 989 1359 1018 dicere

138 1029 286 1067 (com-rem
313 1031 448 1061 reddere.
470 1029 704 1067 individualize‚)
728 1030 758 1058 id
781 1035 836 1065 est,
858 1031 899 1058 ita
921 1030 1050 1058 formare
1072 1036 1101 1059 et
1123 1030 1302 1068 exprimere,
1326 1034 1359 1061 ut

136 1073 193 1101 sibi
209 1079 346 1102 constent
369 1082 402 1101 ac
424 1072 558 1101 veritatis
572 1072 696 1110 poeticae
711 1072 841 1109 speciem
865 1082 926 1111 prae
944 1082 975 1101 se
991 1072 1099 1108 serant,
1123 1082 1194 1102 sane
1217 1071 1361 1101 difficilli-

135 1124 218 1143 mum
235 1122 289 1144 est.

182 1157 337 1192 129,130.
372 1153 524 1195 [Rectius]
560 1156 685 1193 ‘Longe
712 1156 818 1185 melius
846 1155 961 1192 feceris,
990 1155 1014 1185 si
1041 1161 1126 1185 utere
1153 1155 1185 1185 in
1211 1155 1360 1194 trngoedia

136 1196 253 1248 μύθοις
275 1206 303 1228 et
319 1199 454 1237 personis
472 1198 659 1233 Homericis‚’
683 1205 715 1227 ut
732 1199 894 1235 AEschylus
916 1198 1031 1227 fabulas
1053 1208 1122 1227 suas
1145 1196 1271 1239 τεμάχη
1293 1198 1360 1227 τῶν

146 1239 278 1281 Ομὴρου
299 1239 454 1280 μεγάλων
478 1237 620 1270 δείπνων
641 1241 792 1279 appellare
818 1239 882 1279 ipse
908 1238 1251 1279 solebam—[dedum]
1273 1239 1360 1278 quasi

137 1283 221 1312 filum
246 1282 327 1322 (spiri
351 1282 426 1321 out).
463 1283 525 1312 Cfr.
549 1283 626 1321 Epp.
646 1283 675 1318 2,
694 1283 721 1318 l,
737 1283 807 1312 225.
851 1283 860 1298 ‘
874 1283 996 1312 Rectius
1017 1282 1156 1312 extendis
1177 1281 1282 1322 μῦθον
1303 1282 1361 1311 ali-

137 1336 227 1363 quem
247 1326 442 1354 Homericum
463 1325 579 1354 actione
601 1325 724 1362 tragica,
748 1325 779 1353 in
795 1325 855 1363 qua
874 1330 903 1354 et
918 1334 1063 1363 personae,
1086 1334 1161 1362 quas
1179 1325 1308 1360 inducis,
1329 1327 1362 1353 et

137 1367 239 1407 μῦθος
255 1368 316 1406 ipse
333 1367 481 1406 copiosius
502 1367 692 1406 explicentur
706 1377 796 1405 quam
820 1367 884 1396 fieri
907 1372 1003 1405 potest
1024 1367 1053 1396 in
1073 1363 1239 1406 ὲπεισοδίῳ
1254 1365 1360 1405 ερίεο.’

139 1411 218 1440 Nam
245 1411 282 1439 de
304 1410 351 1439 his
373 1410 562 1448 potissimum
582 1409 653 1447 agit,
678 1415 711 1438 ut
734 1410 829 1438 caedes
854 1408 1090 1447 Agamemnonis
1111 1409 1219 1447 Odyss.
1235 1410 1272 1438 A.
1289 1408 1360 1444 4⁰4,

140 1453 270 1482 deducta
293 1459 338 1481 est
359 1453 390 1481 in
415 1453 674 1490 Agamemnonem
692 1452 900 1488 AEschyleum,
925 1451 1045 1480 Rhesus
1067 1461 1103 1480 ex
1121 1451 1258 1480 Dolonea
1273 1451 1360 1480 Iliad.

141 1495 180 1524 K.
196 1497 251 1524 ἃς.
262 1511 302 1516 —
317 1493 429 1533 [Quam
445 1496 470 1523 si
484 1493 646 1533 proferres]
672 1496 679 1509 ⁴
693 1494 815 1523 Rectius
830 1493 912 1530 sacis,
928 1494 951 1522 si
969 1493 1223 1531 deducis—quam
1239 1493 1360 1530 faceres,

139 1537 164 1566 si
189 1537 407 1576 proferres.'—
425 1535 541 1576 [ignota
557 1534 740 1575 indictaque]
766 1538 801 1565 ‘a
817 1542 909 1565 temet
930 1535 994 1574 ipso
1015 1535 1139 1564 inventa
1162 1541 1224 1565 eta
1240 1535 1360 1564 nemine

137 1585 208 1608 ante
225 1587 252 1608 te
269 1580 414 1608 tractata:

185 1621 253 1657 131,
280 1622 347 1651 132.
388 1619 531 1659 [Publica
553 1618 706 1659 materies]
743 1621 789 1649 lta
814 1620 879 1648 haec
905 1625 1066 1648 nectuntur
1094 1629 1162 1648 cum
1191 1618 1359 1658 prioribus:

140 1665 148 1680 ‘
166 1665 235 1699 Sed,
252 1664 341 1699 dices,
365 1664 415 1692 ubi
431 1663 577 1701 ejusmodi
601 1668 778 1700 argumenta
795 1661 966 1698 Homerica,
988 1661 1078 1690 nimis
1095 1663 1160 1700 jam
1182 1661 1262 1696 trita,
1285 1667 1363 1690 trac-

141 1707 283 1743 tabimus,
298 1705 464 1744 periculum
479 1711 533 1740 est,
557 1715 594 1734 ne
610 1705 809 1742 despiciamur
831 1713 866 1733 ac
885 1703 1150 1742 reprehendamur.
1196 1704 1244 1732 Tu
1259 1709 1363 1732 contra

141 1749 184 1778 sic
206 1748 335 1783 habet0,'
359 1749 413 1777 &c.
461 1748 539 1776 Male
563 1747 640 1776 hanc
660 1748 807 1785 publicam
829 1748 978 1776 materiem
1001 1746 1139 1775 nonnulii
1161 1745 1363 1775 confuderunt

141 1801 209 1820 cum
225 1791 419 1820 communibus
434 1789 494 1818 inis
514 1799 540 1818 v.
564 1789 633 1824 128,
654 1799 747 1826 quum
766 1789 804 1817 sit
825 1788 966 1817 universa
987 1787 1072 1826 copia
1091 1786 1204 1825 μύθων
1218 1789 1255 1816 ab
1270 1786 1362 1825 epicis

140 1838 171 1862 et
193 1832 315 1870 tragicis
337 1838 530 1861 tractatorum
556 1832 602 1860 vel
625 1831 716 1860 etiam
739 1840 820 1859 nunc
842 1831 923 1868 apud
948 1827 1171 1871 λογογράφους
1191 1829 1366 1868 latentium,

140 1876 250 1912 quibus
268 1874 377 1912 cuique
401 1879 496 1912 poetae
519 1875 619 1902 denuo
642 1873 686 1902 uti
706 1873 783 1902 licet.
827 1873 941 1902 Verum
961 1873 1082 1901 laudem
1105 1871 1269 1901 merebitur
1290 1877 1363 1900 tunc

141 1918 360 1949 tantummodo,
383 1916 407 1945 si
432 1925 498 1945 eam
524 1915 632 1954 privati
658 1925 692 1944 ac
717 1915 763 1944 sui
784 1915 862 1953 juris
886 1914 1061 1950 reddiderit,
1085 1913 1116 1943 id
1139 1919 1192 1950 est,
1215 1914 1240 1943 si
1267 1922 1362 1942 novus

140 1960 196 1988 erit
214 1960 243 1988 in
260 1957 428 1999 οἰκονομίᾳ
442 1958 533 1987 totius
548 1958 666 1993 fabulae,
682 1957 712 1986 in
727 1955 832 1994 ἤθεσι,
845 1953 972 1992 πάθεσι,
989 1954 1133 1996 ρἡεσιν,
1148 1955 1305 1996 γνώμαις.
1320 1971 1363 1977 -

143 1999 274 2042 [orbem]
312 2003 376 2030 Hoc
406 2010 524 2038 quoque
557 2001 659 2029 Graeco
679 1998 764 2038 sonte
794 2000 908 2034 cecidit,
931 2004 965 2028 ut
992 2000 1088 2028 orbem
1116 1998 1158 2028 sic
1186 1997 1363 2036 simpliciter

140 2049 260 2074 vocaret
283 2044 361 2072 iocos
387 2051 562 2072 communes
587 2048 616 2071 et
639 2043 676 2070 ab
700 2042 839 2070 omnibus
864 2042 925 2070 fere
949 2041 1096 2079 pertritos.
1141 2040 1202 2070 Cfr.
1230 2038 1362 2078 Eupolin

139 2087 221 2124 apud
246 2087 327 2115 Stob.
353 2086 388 2114 T.
415 2085 465 2119 35,
482 2085 512 2119 2,
537 2082 602 2113 Καὶ
627 2084 683 2113 τοῦ
705 2082 766 2123 μὲν
786 2082 822 2113 ἐν
846 2080 975 2123 κύκλῳ
997 2092 1033 2123 γε
1059 2080 1228 2123 παύσομαι
1251 2079 1364 2122 λόγου,

140 2126 250 2168 φράσω
276 2125 307 2157 δέ
328 2137 378 2157 σοι
400 2126 436 2157 τὸ
460 2127 596 2166 πρᾶγμα
619 2123 671 2154 διὰ
686 2127 753 2155 τῶν
776 2124 939 2165 χωρίων.
983 2126 1122 2155 Patalam
1142 2131 1244 2154 autem
1258 2125 1363 2153 orbem

141 2176 227 2200 vocat
253 2176 421 2208 propterea,
451 2169 531 2207 quod
558 2169 697 2203 omnibus,
733 2168 825 2197 etiam
854 2177 999 2205 perquam
1030 2167 1237 2202 mediocribus,
1266 2166 1362 2204 poetis

139 2212 280 2242 introitus
307 2213 338 2241 in
361 2221 429 2241 eum
453 2215 557 2250 patet,-
580 2211 644 2239 sine
667 2210 809 2247 imagine,
833 2211 914 2247 quod
936 2209 1012 2239 nihil
1027 2209 1098 2239 novi
1112 2214 1203 2248 atque
1219 2207 1361 2246 exquisiti

137 2255 211 2284 tales
227 2255 404 2284 Graecorum
419 2253 602 2283 imitationes
618 2262 679 2291 prae
695 2262 726 2282 se
742 2252 851 2281 serunt.
