1390 2586
163 91 246 134 2526
587 93 951 124 INTERPRETATIO.
1254 0 1390 143 [221AE

1358 147 1373 158 a
1384 159 1385 164 η

168 192 281 221 dictum
297 197 341 221 est
357 191 551 227 Socraticum,
567 193 651 230 cujus
667 191 804 220 meminit
820 192 882 221 Cic.
899 192 936 221 de
951 192 1035 221 Offic.
1052 192 1082 228 2,
1101 192 1147 229 12,
1162 194 1237 223 hane
1250 196 1325 224 viam
1337 193 1390 229 ὦ(

164 236 288 274 gloriam
302 236 463 273 proximam
479 238 507 263 et
521 236 604 273 quasi
618 235 862 272 compendiariam
877 235 993 264 dicebat
1011 244 1082 272 esse,
1100 237 1126 264 si
1136 236 1210 275 ‘quis
1223 237 1256 266 id
1268 230 1386 278 ageraess'

168 281 211 312 ut,
226 277 322 315 qualis
336 277 438 306 haberi
451 277 545 310 vellet,
561 277 628 305 talis
642 276 746 306 esset.”
770 277 886 305 Comm.
903 277 952 306 Cr.
1350 275 1378 305 ‘t'

212 319 341 348 18—24.
366 316 513 358 [beatum]
536 319 729 356 probabiliter
747 328 808 347 non
832 324 949 348 tantum
970 324 1091 357 propter
1113 329 1193 358 opes,
1215 320 1268 349 sed
1289 320 1381 355 etium

168 368 290 399 propter
307 362 443 402 honore—s,
458 371 531 398 quos
541 362 606 399 jam
622 366 685 389 tum
701 361 820 389 videtur
841 361 975 399 gessisse.
991 377 1033 382 —
1049 359 1152 400 [quam
1167 360 1238 401 tibi]
1263 362 1326 392 cic.
1341 358 1386 400 ἦ

169 404 252 434 Fam.
271 404 299 438 2,
322 403 351 437 7,
376 403 480 432 Tecum
504 403 617 441 loquere
634 401 768 441 (Curio),
791 407 821 432 et
845 408 872 433 te
892 404 996 432 adhibe
1018 404 1048 432 in
1069 405 1229 440 consilium,
1251 409 1279 434 te
1300 402 1379 442 ωιάι

167 447 223 475 tibi
237 447 410 482 obtempera.
422 461 464 466 -—
478 443 582 483 [alium
594 443 740 483 sapiente]
766 446 841 484 Epp.
855 446 884 480 2,
898 445 924 480 l,
939 445 1007 480 139,
1019 446 1095 475 alius
1103 446 1244 485 Lysippo.
1273 439 1378 490 Grae'dj

167 485 275 517 ἄλλον
305 487 361 516 τοῦ
398 487 561 527 σοφοῦ.-
579 485 785 526 [Dissimules]
822 488 909 516 ‘Neu
943 493 1065 525 propter
1091 488 1199 517 falsum
1229 489 1379 526 quendam

166 531 311 568 pudorem
328 536 428 558 contra
445 529 647 558 multitudinis
667 530 840 567 opinionem
854 539 887 558 ac
897 529 1056 568 judicium,
1071 539 1109 559 ex
1123 540 1182 568 quo
1197 537 1275 559 recte
1289 531 1379 572 valet,

167 573 244 600 nolis
259 578 388 610 aegrotus
403 571 496 600 videri
511 581 610 601 coram
631 572 762 600 convivis
784 581 896 601 mensae
911 578 970 600 tuae
985 573 1228 602 accumbentibus
1244 572 1305 610 (vel
1319 575 1379 612 φῇ

167 614 268 643 minus
290 623 340 643 eos
360 615 516 652 perturbes
538 615 584 642 vel
605 623 665 652 quo
686 614 808 642 liberius
831 614 924 652 possis
939 613 1011 643 cibis
1026 614 1135 652 quibus
1149 615 1194 644 vis
1209 613 1324 653 vesci).’
1337 621 1379 642 -αό

170 654 309 696 [tremor]
338 657 419 685 Hora
436 657 525 690 nona,
546 657 605 693 qua
628 656 720 685 ferme
742 658 910 690 coenabant,
929 656 1024 685 febres
1046 656 1252 694 ingravescere
1275 657 1381 690 solen&

167 715 210 719 —
225 696 352 738 [unctis]
370 700 439 736 jure
460 704 490 727 et
505 698 602 736 adipe.
646 699 734 727 Ovid.
752 700 786 727 A.
805 699 839 727 A.
855 698 884 733 3,
901 698 972 733 755,
990 699 1084 737 Carpe
1098 700 1175 728 cibos
1189 701 1314 738 digssist
1335 699 1385 731 edi.

168 743 286 780 quidam
309 746 409 780 gestus
433 742 558 770 edendi.-
591 741 651 770 Ora
670 751 722 770 nec
742 742 889 770 immunem
913 746 975 770 tota
993 751 1124 779 perunge
1147 751 1244 771 manu.
1259 757 1300 763 -—
1316 739 1380 780 [¹⁰0-

167 781 289 822 curala]
324 783 412 820 ‘quia
441 783 557 812 medico
582 793 642 812 non
667 789 881 818 monstrantur,
911 783 975 812 sine
1004 783 1157 812 curatione
1183 776 1382 813 manent.'-&

171 824 286 864 [pudor
309 823 418 863 malas]
444 826 479 854 A.
498 825 528 854 Ρ.
545 825 595 860 88,
607 826 719 864 pudens
735 835 834 864 prave.
878 825 969 854 Notat
986 826 1062 854 hanc
1081 822 1260 861 δυσωπίαν,
1276 826 1328 855 Cel

168 867 198 902 3,
221 869 250 902 2,
274 868 378 906 Neque
400 868 519 896 dubium
541 872 594 902 est,
618 869 688 906 quin
712 870 760 897 via:
784 869 946 906 quisquam,
968 869 1019 907 qui
1041 878 1096 897 non
1117 868 1381 910 dissimulavi&

166 911 219 939 sed
239 920 292 948 per
315 911 520 939 abstinenliam
544 914 656 939 mature
679 911 774 939 morbo
799 911 934 944 occurrit,
957 914 1088 949 aegrotet.
1131 910 1250 948 ‘AEque
1272 911 1381 951 stultus

167 951 232 987 est,'
258 952 366 989 inquit,
393 952 463 989 ‘qui
487 951 579 981 animi
602 954 730 988 morbos,
754 952 786 981 id
807 957 860 988 est,
881 952 963 988 vitia,
986 953 1071 987 celat,
1094 962 1131 981 ne
1153 952 1341 990 corrigantur
1360 948 1381 1016 Ξ

163 994 414 1033 sapientioribus!
1364 1018 1380 1029 ⁴

209 1037 342 1066 25-29.
368 1034 459 1074 [bella
483 1038 538 1066 tibi
560 1041 640 1066 terra
659 1040 792 1075 pugnata
813 1038 943 1076 marique
964 1034 1073 1075 Dicat]
1103 1037 1204 1074 Junge
1227 1037 1303 1066 bella
1324 1038 1349 1066 tu·

169 1078 202 1117 (a
217 1078 260 1116 te)
274 1083 417 1117 pugnata,
442 1088 500 1107 non
525 1080 579 1108 tibi
605 1080 686 1108 dicat
707 1079 790 1108 bella.
835 1079 885 1108 ‘Si
908 1078 974 1116 quis
995 1088 1093 1108 coram
1117 1085 1146 1108 te
1167 1085 1312 1108 memoret
1331 1088 1347 1109 r

167 1130 185 1150 a
206 1126 236 1150 te
258 1122 337 1150 terra
362 1121 496 1158 marique
519 1122 564 1150 vel
586 1120 726 1158 Augusto
747 1121 812 1159 ipso
834 1121 881 1150 vel
905 1121 947 1150 Μ.
965 1121 1100 1159 Agrippa
1122 1122 1196 1150 duce
1217 1126 1326 1159 gestas,

167 1163 261 1191 nimia
283 1163 454 1192 adulatione
478 1173 548 1192 usus
570 1163 731 1202 subjungat
752 1169 842 1200 atque
857 1163 894 1192 ad
909 1169 939 1192 te
953 1163 1082 1201 applicet
1097 1173 1198 1193 versus
1211 1173 1229 1193 a
1244 1162 1357 1193 Varioi

169 1205 298 1242 Augusti
319 1206 422 1234 laudes
445 1215 541 1243 nuper
556 1206 742 1244 compositos,
758 1206 821 1234 haec
835 1206 896 1234 fere
911 1206 1031 1235 dicens:
1057 1206 1158 1237 Quum
1174 1206 1267 1243 igitur
1281 1206 1346 1235 viru

165 1247 362 1277 fortissimum
392 1253 420 1276 te
450 1247 623 1286 praestiteris
650 1254 680 1276 et
706 1247 801 1276 civem
830 1257 847 1276 e
875 1247 1038 1285 republica,
1069 1248 1189 1286 Jupiter
1215 1254 1312 1277 servet
1346 1248 1380 1281 iit

167 1290 329 1327 ambiguo,’
361 1290 414 1318 &c.
459 1290 527 1318 Nou
557 1290 622 1318 sine
651 1296 714 1319 arte
739 1290 790 1324 sic,
819 1295 854 1319 ut
882 1299 936 1318 nos
964 1290 1207 1328 interpretamur,
1237 1296 1296 1319 tres
1319 1295 1381 1321 unt

168 1332 339 1368 laudantur,
356 1332 514 1363 Quinctius
538 1337 659 1370 propter
679 1331 885 1361 fortitudinem
907 1331 938 1360 in
960 1332 1046 1361 bellis
1068 1334 1299 1370 comprobatam,
1315 1333 1380 1362 Au-

168 1380 273 1411 gustus
301 1375 375 1409 duit,
402 1374 510 1403 Varius
536 1375 673 1412 Augusto
694 1374 803 1412 dignus
826 1380 915 1413 poeta
940 1379 1030 1412 atque
1058 1375 1175 1404 Horatii
1200 1375 1381 1404 amicus.—

171 1414 311 1455 [vacuas]
335 1423 367 1445 ut
383 1417 465 1445 Pers.
487 1417 516 1452 4,
540 1418 590 1451 50,
612 1417 814 1455 Nequit-quam
833 1418 939 1455 populo
962 1417 1076 1446 bibulas
1096 1418 1248 1446 donaveris
1270 1427 1380 1452 aures-5

167 1459 285 1488 ‘laudis
307 1459 431 1496 cupidas
456 1464 486 1487 et
507 1459 671 1488 adulationi
699 1459 855 1497 patentes!
870 1475 911 1480 —
928 1457 1140 1498 [permulceat]
1163 1459 1266 1497 ‘grato
1291 1459 1380 1489 modo

167 1501 291 1538 tangat.’
335 1501 395 1530 Cic.
413 1501 493 1530 Orat.
511 1501 560 1535 49,
576 1502 652 1530 Duae
666 1505 735 1530 sant
747 1511 803 1536 res,
826 1511 888 1540 quoe
906 1502 1106 1540 permulceant
1126 1511 1222 1535 aures,
1244 1511 1329 1531 sonus
1348 1505 1378 1531 et

167 1554 311 1573 numerus.
322 1559 364 1564 --
378 1542 475 1582 [Tene
487 1541 594 1582 magis]
612 1546 619 1559 ‘
631 1543 668 1572 Hi
685 1553 786 1572 versus
800 1549 870 1572 sunt
882 1543 963 1572 Varii
979 1543 1010 1572 in
1028 1543 1212 1581 Panegyrico
1226 1543 1376 1581 Augusti.’

166 1587 238 1615 Aer.
254 1592 284 1614 et
301 1586 404 1614 Comm.
423 1587 470 1614 Cr.
486 1602 528 1606 —
546 1583 668 1624 [possis]
692 1587 699 1601 ‘
711 1585 751 1621 Si,
775 1585 909 1623 inquam,
923 1585 987 1614 haec
1002 1594 1100 1614 coram
1118 1590 1147 1614 te
1159 1585 1268 1623 aliquis
1288 1586 1377 1623 dicat,

167 1637 238 1656 sane
267 1637 410 1665 agnoscas
435 1626 533 1666 (facile
560 1626 686 1664 sentias)
709 1637 745 1656 ea
768 1628 821 1656 uni
846 1627 984 1664 Augusto
1009 1627 1098 1656 tribui
1124 1637 1220 1666 posse,
1244 1634 1274 1657 et
1298 1628 1378 1658 illico

166 1679 288 1708 respuas
311 1670 514 1698 adulationem
539 1675 599 1698 tam
621 1675 841 1708 exaggeratam.
885 1669 957 1699 Alia
976 1669 1099 1699 sortasse
1122 1679 1168 1699 res
1190 1670 1256 1705 erit,
1271 1669 1378 1708 siquis

165 1717 194 1741 te
223 1712 475 1750 sapientissimum
505 1711 645 1750 vitiisque
673 1712 811 1741 omnibus
838 1718 988 1741 carentem
1011 1711 1172 1750 praedicet3
1207 1713 1272 1741 fleri
1295 1712 1377 1742 enim

165 1761 275 1792 posset,
291 1759 324 1782 ut
339 1754 601 1791 quaemadmodum
617 1754 714 1783 solent
733 1755 878 1792 plerique,
893 1760 925 1783 tu
941 1763 1060 1792 quoque
1075 1755 1152 1784 hanc
1166 1755 1287 1784 laudem
1301 1754 1332 1783 in
1348 1759 1377 1784 t·

162 1796 271 1825 merito
286 1797 411 1825 conferri
425 1796 632 1825 existimares!

206 1838 281 1868 31-
290 1839 340 1868 35.
364 1837 597 1878 [Respondesne]
622 1839 629 1853 ‘
640 1838 798 1868 Annuisne
813 1838 906 1868 nimio
921 1843 973 1868 tuo
987 1838 1143 1875 laudatori,
1154 1838 1259 1868 militis
1273 1838 1378 1874 instar,

166 1881 219 1918 qui
241 1890 277 1909 ex
301 1881 368 1910 albo
390 1881 510 1909 nomine
532 1881 649 1915 citatus,
671 1881 771 1910 statim
794 1882 963 1918 respondet,
987 1890 1018 1910 se
1042 1882 1157 1917 adesse,
1180 1891 1218 1910 an
1241 1880 1325 1916 dicis,
1347 1885 1378 1910 te

167 1929 285 1952 tanturn
310 1923 491 1961 praeconium
514 1932 574 1951 non
598 1924 706 1952 mereri
718 1924 797 1952 ?’—
813 1921 886 1962 [Vir
911 1921 1015 1962 bonus]
1039 1924 1148 1952 ‘Dices
1174 1928 1204 1952 tu
1231 1923 1376 1952 fortassee

167 1965 258 2002 Quid,
274 1975 384 2003 quaeso,
399 1965 494 2002 magis
509 1971 742 1994 consentaneum
757 1970 802 1994 est
817 1971 931 1994 naturae
947 1966 1087 1995 humanae
1099 1975 1188 2004 quam
1204 1965 1377 2003 utquisque

165 2008 210 2036 vir
226 2009 321 2036 bonus
337 2007 394 2036 dici
410 2007 532 2046 cupiat?
578 2008 725 2039 Quocirca
745 2017 801 2042 ego
824 2017 943 2046 quoque
966 2007 1022 2036 hoc
1044 2016 1118 2037 aveo
1137 2013 1167 2037 et
1188 2013 1286 2037 certus
1308 2015 1376 2037 sum

165 2055 195 2079 te
220 2050 299 2079 idem
324 2050 432 2079 avere.'
477 2050 639 2078 Horatius:
671 2051 905 2078 ‘Verumtamen
929 2050 1002 2078 talia
1022 2050 1103 2087 vulgi
1120 2049 1236 2088 judicia
1257 2058 1376 2087 semper

165 2092 282 2121 fallacia
302 2098 372 2121 sunt
394 2098 483 2130 atque
506 2091 630 2127 incerta,
652 2091 702 2128 ita,
720 2097 761 2127 ut,
776 2092 832 2120 nisi
854 2091 947 2121 virtus
971 2098 1023 2121 tua
1044 2092 1157 2121 nitatur
1177 2091 1375 2121 fundamento

162 2134 251 2172 longe
274 2134 414 2170 firmiore,
438 2134 470 2163 id
496 2140 550 2169 est,
578 2135 658 2163 recta
683 2134 873 2169 conscientia,
898 2134 1031 2172 quotidie
1055 2134 1193 2164 excidere
1218 2133 1297 2162 bona
1321 2133 1375 2164 ills,

161 2177 243 2215 apud
267 2176 491 2206 multitudinem
515 2176 593 2205 fama
620 2186 674 2205 nec
697 2182 807 2213 tamen,
833 2181 866 2205 ut
888 2176 959 2206 facit
981 2185 1049 2205 vere
1073 2176 1201 2215 sapiens,
1227 2180 1374 2206 mutatam

162 2219 240 2248 hanc
264 2221 328 2257 ejus
353 2218 524 2257 opinionem
554 2225 674 2257 propter
701 2218 939 2256 magnitudinem
968 2217 1060 2247 animi
1090 2227 1191 2248 secure
1220 2217 1373 2256 despicere

162 2261 272 2300 queas!
289 2278 329 2284 —
347 2259 455 2299 [meum
469 2258 528 2299 est]
553 2263 560 2277 ‘
573 2261 608 2290 ld
632 2262 711 2298 quod
734 2261 813 2290 ultro
836 2261 890 2290 tibi
911 2260 1073 2299 aliquando
1095 2260 1175 2296 dedi,
1191 2266 1224 2290 tu
1238 2259 1372 2298 precario
