1390 2586
1343 0 1383 61 ἕ

125 96 208 138 278
559 94 924 127 mercameurm.
1228 71 1362 136 [ms-2³⁷
1374 83 1390 137 g

125 196 249 226 modum
279 195 338 224 late
367 195 489 233 aperto.¹
505 192 770 233 —[Parturitmt]
806 193 997 232 proverbium
1027 193 1182 222 Graecum:
1215 189 1354 231 Ὠδινενζ
1366 191 1373 207 ”“

125 236 213 278 ὄρος·
230 237 298 267 εἶτα
314 238 379 276 μῦν
395 234 564 266 ἀπέτεκεν·
586 238 710 266 ductum
726 246 763 266 ex
780 237 851 266 nota
866 236 975 265 sabellii
991 235 1125 274 AEsopifi.
1346 244 1350 247 ’

170 280 342 310 141-145.
368 278 442 318 [Dic
468 277 552 316 mihi]
592 280 626 308 In
652 279 726 307 duos
755 288 801 307 vv.
825 278 974 307 contraxit
1000 278 1143 316 Odysseae
1168 270 1356 308 exer-didm*

119 318 245 362 Ἀνδρα
275 332 328 361 μοι
360 321 489 358 ἔννεπε,
510 321 637 356 Μοῦσα,
662 318 885 361 πολύτροπον,
914 318 952 355 ὃς
979 318 1070 359 μάλα
1099 317 1210 348 πολλὰ
1234 315 1363 359 Πλᾶγιγ

125 363 203 403 χθη,
226 363 293 394 ἐπεὶ
320 363 436 402 Τροίης
465 361 550 401 ἱερὸν
581 362 775 402 πτολίεθρον
797 361 919 400 ἔπερσε,
946 361 1089 391 Πολλῶν
1115 358 1140 390 δ’
1164 359 1363 400 ἁνθρώπωῦ“

126 404 192 436 iden
218 406 320 436 ἄστεα
341 405 394 435 καὶ
420 404 499 435 νόον
522 404 615 444 ἔγνω.
656 405 717 433 Cfr.
742 406 818 443 Epp.
837 404 863 438 l,
879 405 909 438 2,
927 404 976 434 19.
989 402 1198 443 -[sulgore]
1228 404 1348 442 Fulgor,

125 449 228 477 lumen
245 448 375 477 subitum
397 454 426 476 et
443 449 543 476 oculos
565 448 787 485 praestringens,
811 456 881 475 mox
898 452 999 475 tamen
1014 445 1046 474 in
1061 445 1177 474 fumum
1194 445 1366 483 ingratum*

124 491 282 524 desinens;
307 496 410 519 contra
425 491 474 518 lux
492 490 585 518 oculis
606 495 709 526 grata;
734 490 799 518 sine
821 488 970 525 imagine:
993 487 1134 516 ‘initium
1155 487 1347 525 splendidum

125 542 160 562 ac
182 542 274 571 prope
298 542 450 569 arrogans,
472 533 553 569 quod
579 531 690 569 excipit
710 531 842 559 narratio
863 530 944 559 taedii
967 530 1073 568 plena,
1099 535 1204 559 contra
1225 529 1347 558 initium

125 575 254 613 simplex
270 580 300 603 et
315 584 407 612 prope
423 574 548 611 humile,
567 574 647 611 quod
662 573 791 610 egregiae
806 573 992 602 narrationes
1008 571 1195 610 sequuntur!
1210 587 1252 592 —
1265 569 1345 610 [spe-

124 615 405 655 ciosa—miracula]
435 618 442 631 ‘
458 614 620 656 θαύματα,
646 613 841 655 φαντασίας,
868 615 899 643 in
923 614 1043 652 quibus,
1072 613 1127 642 etsi
1156 619 1226 642 sunt
1255 613 1346 642 mira.-

124 660 244 693 culosae‚
271 665 304 687 ut
325 669 391 696 quae
410 666 511 687 narrat
534 659 570 686 de
588 658 763 695 Antiphane,
789 656 1019 694 Laestrygonum
1042 665 1123 691 rege,
1149 656 1204 684 Od.
1222 655 1259 684 K.
1278 654 1347 692 100,

125 701 163 730 de
179 702 281 738 Scylla
301 707 331 729 et
347 701 500 738 Charybdi
526 701 582 729 Od.
601 700 641 728 M.
659 700 708 734 85,
734 700 771 728 de
787 699 918 736 Cyclope
943 699 999 728 Od.
1018 698 1041 727 1.
1059 697 1129 732 187,
1151 697 1231 726 inest
1245 702 1347 726 tamen

125 743 188 772 veri
204 743 370 772 similitudo
392 743 516 781 poetica.
563 743 650 771 Tales
669 747 771 771 autem
794 741 980 770 narrationes
1005 741 1086 779 apud
1109 739 1245 778 Cyclicos
1265 739 1348 768 haud

124 786 277 824 reperias.y

171 827 237 856 146.
265 826 347 865 [Nec
360 828 487 856 reditum
508 823 674 864 Diomedis]
700 826 718 841 “
732 824 932 854 Antimachus
951 823 1011 853 fuit
1027 823 1156 862 cyclicus
1169 828 1275 862 poeta;
1297 821 1346 852 hic

124 870 285 907 adgressus
299 876 344 898 est
359 870 525 904 materiam,
547 878 637 906 quam
654 869 696 897 sic
710 867 855 902 extendit,
878 874 912 895 ut
927 866 1033 904 viginti
1049 866 1178 904 quatuor
1193 865 1347 894 volumina

125 912 305 950 impleverit,
343 917 506 949 antequam
534 915 649 949 septem
677 911 769 939 duces
798 918 893 947 usque
921 909 960 938 ad
990 908 1108 937 Thebas
1135 906 1345 946 perduceret.”

125 955 233 992 Porph.
279 954 409 982 Notatur
442 953 490 982 hic
521 952 704 987 Antimachi,
735 951 867 980 Platonis
894 949 1018 988 aequalis
1049 948 1132 988 (ante
1160 949 1231 978 Chr.
1257 948 1346 986 4⁰5),

126 996 268 1031 Thebais,
284 996 407 1032 longum
423 996 546 1033 quidem
570 1005 603 1024 ac
619 994 761 1023 diffusum
782 1002 900 1031 poema,
925 993 977 1022 sed
1000 998 1100 1021 tamen
1116 991 1234 1028 magnis
1249 991 1346 1020 virtu-

125 1038 205 1067 tibus
227 1048 285 1067 non
308 1047 422 1067 carens.
447 1037 508 1067 Cfr.
525 1037 651 1069 Quintil.
672 1037 697 1071 l,
716 1035 764 1070 10,
787 1035 836 1064 53.
882 1037 902 1051 ‘⁶
920 1034 1119 1064 Antimachus
1142 1033 1232 1062 nimis
1256 1033 1346 1071 longo

125 1080 245 1119 repetiit
261 1080 352 1109 finem
369 1080 460 1108 totius
475 1079 610 1113 actionis,
629 1079 660 1107 id
680 1084 734 1113 est,
762 1077 916 1106 Diomedis
931 1077 962 1105 in
979 1076 1124 1105 AEtoliam
1147 1081 1213 1114 post
1230 1075 1346 1114 Epigo-

125 1132 234 1152 norum
255 1122 408 1151 victoriam
424 1122 565 1155 reditum,
590 1123 627 1150 ab
650 1120 774 1149 interitu
793 1119 938 1156 Meleagri
958 1128 1010 1157 per
1024 1118 1145 1147 fatalem
1161 1116 1246 1146 illum
1262 1117 1344 1146 titio·

124 1174 194 1194 nem
216 1164 255 1194 ab
271 1165 391 1193 Althaea
411 1170 505 1192 matre
527 1162 723 1192 crematum.'’
767 1162 836 1191 Jam
860 1161 949 1190 modo
969 1161 1054 1189 nobis
1069 1160 1172 1197 ignoto
1194 1168 1262 1188 cum
1279 1159 1346 1188 Me-

124 1206 218 1244 leagri
242 1216 315 1235 nece
338 1206 495 1243 conjunxit
522 1205 619 1242 Tydei
644 1204 770 1233 exilium
793 1213 810 1232 e
833 1203 999 1241 Calydone,
1025 1202 1250 1231 matrimonium
1276 1210 1345 1231 cum

126 1248 256 1286 Deipyle
283 1248 406 1277 Adrasti
433 1248 504 1282 filia,
530 1247 753 1285 expeditionem
779 1246 924 1274 adversus
946 1245 1076 1279 Thebas,
1101 1249 1227 1273 mortem
1250 1240 1345 1283 (stat.

123 1291 154 1326 8,
169 1290 256 1329 717),
282 1290 312 1318 in
334 1291 396 1327 quai
418 1291 485 1327 ipsa
510 1289 675 1327 Menalippi
700 1287 838 1317 occisoris
863 1293 954 1325 caput
974 1286 1118 1322 corrosit,
1138 1285 1247 1314 deinde
1269 1294 1345 1322 quo-

127 1334 217 1362 modo
242 1333 403 1362 Diomedes
427 1332 519 1369 patris
545 1332 723 1360 occisionem
750 1330 780 1358 in
807 1330 901 1358 altera
921 1329 1094 1358 Thebarum
1122 1327 1347 1365 expugnatione

124 1384 179 1413 per
195 1375 349 1412 Epigonos
365 1374 442 1403 facua
459 1375 548 1409 ultus,
568 1380 659 1411 atque
675 1374 713 1402 ab
730 1371 903 1401 Alcmaeone
919 1371 950 1399 in
966 1369 1111 1400 AEtoliam
1126 1370 1281 1399 restitutus
1295 1369 1344 1405 sit,

125 1423 158 1446 ut
186 1417 388 1451 Thersander,
417 1416 567 1454 Polynicis
597 1416 687 1449 filius,
725 1415 797 1443 item
828 1413 954 1442 feliciter
983 1412 1103 1442 Thebas
1131 1411 1240 1445 rediit3
1275 1410 1346 1440 hinc

124 1460 247 1488 demum
275 1459 436 1487 Diomedes
459 1468 528 1487 cum
557 1457 663 1486 ceteris
690 1456 813 1486 Achivis
844 1456 1070 1493 Agamemnone
1099 1454 1175 1483 duce
1203 1454 1346 1482 adversus

125 1501 247 1539 Trojam
274 1501 424 1539 profectus
449 1506 511 1535 est;
537 1500 589 1529 sed
613 1501 678 1538 ejus
699 1499 813 1528 reditus
836 1507 854 1527 a
870 1498 962 1536 Trojii
983 1502 1069 1526 extro
1095 1495 1259 1526 Thebaidis
1282 1504 1346 1525 am-

123 1543 220 1572 bitum
235 1543 310 1572 situs
326 1548 399 1572 erat.

168 1585 237 1620 147.
262 1583 343 1623 [Nec
354 1582 484 1624 gemino]
508 1584 516 1600 ‘
531 1584 637 1622 Neque
652 1592 723 1612 vero
733 1582 850 1611 orditur
864 1582 976 1611 bellum
989 1579 1154 1619 Trojanum
1170 1581 1208 1609 ab
1221 1579 1346 1608 Helenoe

123 1628 295 1666 prodigioso
311 1627 417 1665 partu.’
462 1627 498 1655 V.
510 1629 626 1665 gemino
640 1626 759 1654 videtur
769 1624 981 1663 explicandum
995 1632 1063 1652 cum
1075 1623 1172 1652 Schol.
1184 1622 1345 1659 Rhenaug.

123 1670 256 1698 inedito:
282 1669 431 1706 “Jupiter
446 1678 514 1697 cum
538 1669 620 1697 Leda
643 1668 674 1696 in
690 1667 788 1706 specie
806 1666 896 1704 cygni
909 1665 1082 1695 concubuit.
1126 1665 1202 1693 Inde
1217 1664 1270 1692 ina
1285 1663 1346 1692 duo

123 1721 181 1741 ova
208 1711 325 1750 posuit3
355 1721 392 1740 ex
423 1712 517 1739 altero
548 1712 653 1739 Pollux
681 1716 712 1739 et
740 1710 856 1744 Castor,
884 1717 923 1737 ex
949 1708 1043 1736 altero
1075 1706 1193 1735 Helena
1217 1705 1345 1735 exivit.”

126 1754 253 1783 Helenae
275 1759 405 1792 partum,
428 1759 462 1782 ut
481 1753 634 1790 probabile
652 1758 707 1787 est,
731 1752 812 1781 haud
827 1751 930 1789 procul
945 1751 982 1779 ab
997 1749 1123 1778 exordio
1138 1749 1346 1777 memorabunt

123 1796 258 1825 carmina
274 1796 396 1833 Cypria,
420 1805 487 1833 qnae
504 1796 622 1824 Stasino
643 1795 687 1823 vel
707 1793 858 1831 Hegesino
877 1792 1062 1825 tribuuntur,
1085 1791 1166 1828 apud
1186 1789 1300 1819 Athen.
1314 1788 1345 1825 8,

123 1847 152 1876 p.
167 1838 239 1873 334,
261 1839 316 1867 C.:
348 1838 422 1872 Τοῖς
447 1834 479 1866 δὲ
504 1836 584 1876 μετὰ
608 1835 766 1876 τριτάτην
790 1833 930 1870 Ἑλένην
955 1830 1034 1870 τέκε,
1057 1830 1166 1872 θαῦμα
1189 1829 1214 1869 β
1234 1831 1346 1861 οτοῖσι·

124 1877 195 1917 Τήν
218 1889 297 1910 ποτε
321 1879 516 1919 καλλίκομος
532 1878 670 1918 Νέμεσις
683 1876 834 1919 φιλότητι
847 1877 980 1917 μιγεῖσα
996 1874 1086 1912 Ζηνί,
1100 1873 1182 1904 Θεῶν
1221 1872 1346 1911 ασιλῆι,

123 1920 191 1952 τέκε
207 1923 365 1961 κρατερῆς
382 1919 435 1951 ὑπ’
451 1919 609 1960 ἀνάγκης.

169 1964 341 1994 148-151.
369 1962 532 2002 [festinat]
558 1965 617 1992 ‘ita
645 1962 788 2001 procedit,
813 1966 847 1990 ut
869 1969 1024 1998 nunquam
1047 1957 1275 1997 rhapsodiarum
1290 1965 1345 1986 ex-

124 2006 218 2036 ordiis
232 2006 419 2044 epilogisque
433 2011 463 2035 et
483 2004 723 2042 degressionibus
739 2003 967 2042 supervacaneis
981 2010 1013 2030 se
1028 2001 1092 2040 ipse
1106 1999 1241 2038 implicet
1253 2004 1346 2037 atque

125 2048 405 2086 impediat.'—[in
429 2049 540 2077 medias
562 2046 626 2086 res]
659 2048 730 2082 ‘ita,
753 2052 786 2075 ut
811 2046 904 2074 lector
926 2053 1029 2073 earum
1054 2042 1235 2082 principium
1263 2041 1345 2070 haud

125 2091 294 2120 desideret:
340 2091 402 2120 Cic.
425 2091 462 2119 ad
490 2090 552 2118 Att.
572 2090 598 2124 l,
624 2089 671 2125 16,
703 2088 903 2127 Respondebo
931 2085 984 2114 tibi
1014 2082 1150 2124 ὕστερον
1175 2081 1346 2123 πρότερον,

123 2129 312 2172 Ὁμηρικῶς.
357 2132 502 2164 Quinctil.
524 2133 553 2167 7,
572 2132 620 2166 10,
643 2131 690 2167 ll,
716 2132 768 2160 ubi
790 2131 828 2159 ab
852 2130 946 2158 initiis
970 2128 1176 2166 incipiendum,
1197 2126 1248 2155 ubi
1267 2134 1345 2154 more

126 2175 281 2204 Homerico
301 2185 316 2204 e
337 2176 440 2204 mediis
459 2175 504 2204 vel
523 2176 642 2203 ultimis.
658 2189 699 2194 -—-
714 2171 876 2212 [Desperat
900 2168 1046 2208 tractata]
1069 2169 1079 2184 ‘
1091 2167 1212 2198 Omittit
1233 2167 1345 2202 omnia,

126 2227 194 2255 quae
209 2226 246 2245 ex
270 2226 324 2246 suo
340 2226 430 2246 sensu
451 2226 520 2245 vere
536 2216 650 2254 poetico
674 2215 793 2244 tractari
817 2214 886 2243 ideo
902 2222 961 2241 non
978 2213 1100 2246 debent,
1115 2210 1186 2249 quia
1200 2209 1283 2238 nulla
1297 2218 1346 2238 ars

126 2259 163 2288 iis
178 2260 309 2294 nitorem,
330 2259 359 2287 id
382 2264 437 2295 est,
454 2264 593 2287 ornatum
608 2268 642 2287 ac
658 2262 856 2292 venustatem,
872 2256 1005 2294 praebere
1025 2259 1132 2292 potest,
1153 2252 1254 2289 itaque
1269 2250 1346 2280 fines

126 2302 225 2340 poesis
247 2311 404 2339 nunquam
429 2301 610 2339 migrat.'-
625 2297 797 2339 [mentitur]
829 2297 953 2327 Aristot.
975 2297 1056 2326 Poet.
1076 2294 1127 2331 24,
1149 2293 1203 2324 Δεῖ
1223 2291 1284 2333 μὲν
1309 2290 1346 2323 ἐν
