1390 2586
109 115 194 158 290
542 117 913 148 INTERPRETAmo.
1214 96 1390 172 [unali-ist

106 217 272 246 intellecta.
299 216 452 246 Plutarch.
475 217 513 246 de
537 217 642 246 Gloria
665 217 777 246 Athen.
801 226 830 255 p.
847 216 919 252 346,
942 217 996 246 R:
1019 213 1056 247 '0
1078 214 1262 257 Σιμωνίδης
1277 203 1346 262 1·ῆῇ

109 258 171 299 μὲν
197 257 387 299 ζωγραφίαν
417 258 553 296 ποίησιν
578 260 757 288 σιωπῶσαν
785 257 1036 299 προσηγόρευεν,
1064 258 1129 297 τὴν
1151 257 1184 290 δὲ
1207 259 1342 298 ποίησιν

109 300 297 342 ζωγραφίαν
319 300 695 341 namucum—[obstes]
719 302 839 330 videtur
863 300 955 336 ἅπαξ
970 300 1160 342 λεγόμενον,
1178 303 1260 332 unde
1274 312 1341 333 cor·

1367 349 1370 356 ι

110 345 238 382 ruptelae
264 346 373 380 adstes,
398 346 496 377 absis,-
518 344 681 373 formatum
707 350 753 373 est
777 345 815 373 ad
836 344 1006 382 analogiam
1033 354 1059 374 v.
1075 343 1267 385 ἀφίσταμαι,
1287 344 1347 386 εεᾷΣ

1356 213 1378 235 *a

1359 231 1390 249 ’-ἰ

1367 258 1380 266 ,ι

1366 299 1376 310 ι

109 392 234 425 propter
257 396 365 415 sonum
389 387 573 425 asperiorem
594 393 740 424 praeterea
759 395 826 415 raro
845 392 897 415 aut
919 396 1076 424 nunquam
1098 385 1374 426 usurpatum.—-.J‘

114 426 206 468 [Haec
226 435 307 458 amat
328 427 495 468 obscurum]
521 430 608 466 ‘quae
631 429 793 458 virtutibus
818 429 942 467 quidem
967 438 1029 458 non
1049 435 1140 464 caret,
1166 429 1219 458 sed
1239 427 1348 467 tamenss

111 481 166 500 suo
181 473 252 509 jure
274 472 408 509 postulat
429 471 551 509 partim,
576 481 614 500 ne
634 471 724 500 nimis
740 471 904 509 diligenter
924 471 1147 508 investigentur
1161 471 1219 500 loci
1239 472 1347 503 minus.

111 514 252 551 expoliti,
267 516 377 551 partim
394 519 428 542 ut
449 511 617 554 φαντασίᾳ
636 514 736 551 potius
756 519 786 542 et
805 514 872 542 miti
892 515 1023 552 quodam
1038 513 1237 543 humanitatis
1250 523 1344 552 sensu

111 565 180 584 eam
209 557 439 594 amplectamur,
469 565 559 594 quam
589 556 692 585 subtili
722 556 895 585 intellectus
922 556 1039 595 judicio
1070 555 1286 595 subjiciamus)
1298 571 1343 579 --

115 596 450 637 [argutum—acumen]
474 600 545 628 lseen
558 599 799 627 discrimination-

1368 482 1376 504 ἰ

1367 558 1381 615 ζὶ,

155 640 330 671 366-369.
365 640 407 680 [O
422 638 533 680 major]
577 642 584 655 ‘
599 641 631 669 L.
648 641 736 670 Piso.’
765 641 836 670 Aer.
852 657 894 662 —
910 639 1009 680 [Tolle
1030 638 1153 680 memor]
1185 638 1343 670 Excidunt
1367 640 1374 669 ⁴.

112 683 250 721 loquenti
267 685 374 717 verba3
399 683 450 721 qui
476 693 512 712 ea
531 683 562 712 in
585 688 719 712 mentem
741 693 827 711 suam
848 683 966 722 recipit,
993 683 1086 712 veluti
1108 683 1186 712 tollit
1208 682 1252 723 (to
1273 683 1341 713 take

111 725 176 764 up).
188 742 231 746 -—-
244 724 364 764 [certis]
389 727 396 740 ‘
409 725 613 764 quibusdam,’
629 735 689 755 non
712 727 720 741 ‘
732 725 886 755 definitis!

155 767 331 803 371—373.
358 766 528 807 [Messaloe]
561 769 615 796 Est
636 774 726 796 notus
748 768 799 796 ille
822 768 865 797 M.
884 767 1021 797 Valerius
1037 767 1170 797 Messala
1183 757 1354 804 Corvinusſj

115 810 230 838 Tibulli
246 810 353 839 fautor.
399 812 514 839 Seneca
530 811 671 839 Controv.
688 811 717 844 2,
736 809 783 845 12,
807 811 879 839 Fuit
894 810 1026 840 Messala
1039 810 1218 840 exactissimi
1231 807 1352 851 ingenii¹
1386 821 1390 824 ·

113 854 144 882 in
174 863 268 882 omnes
292 854 408 891 quidem
434 854 596 882 studiorum
620 857 730 891 partes,
759 853 865 882 Latini
889 854 991 892 utique
1013 854 1153 882 sermonis
1177 853 1344 882 observator

113 896 365 934 diligentissimus.
410 896 505 925 Extat
518 905 572 934 pro
587 895 755 934 Pythodoro
778 897 871 924 oratio
892 895 913 923 d
919 897 929 924 ἱ
936 895 1250 925 senissima—A.
1269 894 1342 924 Gas-

113 938 226 972 cellius,
252 938 436 967 clarissimus
447 938 694 976 jurisconsultus,
716 938 808 966 homo
824 938 911 966 dicax
927 947 961 966 ac
975 937 1090 966 facetus
1113 936 1263 976 (Macrob.
1280 936 1342 966 Sat.

113 980 145 1017 2,
159 980 204 1018 6),
231 985 262 1009 et
286 981 384 1009 clarus
412 981 494 1010 Bene
518 981 661 1009 dictorum
686 980 774 1018 libro,
802 981 848 1009 vir
867 978 951 1018 juris
974 980 1069 1009 civilis
1096 980 1221 1008 scientia
1245 979 1344 1008 clarus

112 1022 171 1051 suit
192 1024 256 1060 jam
282 1023 511 1052 triumvirorum
536 1028 672 1060 tempore
696 1030 726 1051 Α.
741 1030 810 1050 u-c.
834 1021 905 1056 712,
931 1027 1007 1051 teste
1033 1022 1096 1051 Val.
1121 1021 1202 1050 Max.
1222 1020 1298 1056 6‚2,
1314 1019 1343 1056 l,

113 1064 280 1093 admodum
309 1066 402 1102 igitur
429 1074 522 1094 senex
550 1074 585 1094 eo
614 1074 694 1093 anno
717 1074 776 1102 quo
806 1064 855 1093 hic
884 1064 961 1093 liber
983 1064 1111 1102 scriptus
1137 1061 1343 1102 est.-[Non

113 1109 252 1142 homines,
277 1118 332 1136 nou
353 1106 400 1144 dil,
436 1108 497 1136 Cic.
519 1108 557 1136 ad
582 1107 667 1136 Fam.
688 1106 714 1142 1,
731 1107 768 1136 9:
792 1107 838 1135 dis
863 1107 1081 1145 hominibusque
1102 1106 1342 1144 approbantibus.

115 1149 181 1178 Liv.
198 1150 227 1183 3,
246 1149 294 1183 17.
311 1150 360 1184 40,
381 1149 428 1183 12,
455 1150 502 1178 cui
523 1149 662 1178 sormulae
688 1147 780 1188 παρὰ
802 1146 1002 1187 προσδοκίαν
1024 1148 1128 1177 addit:
1151 1157 1207 1177 nou
1228 1157 1342 1177 conces·

113 1202 176 1222 sere
201 1193 348 1226 calumme,
372 1193 497 1227 eaedem,
521 1201 588 1230 quae
614 1193 674 1220 Sat.
701 1191 727 1225 l,
748 1191 778 1224 4,
798 1191 847 1226 71,
870 1196 1017 1220 vocantur
1037 1192 1118 1229 pila,
1145 1195 1215 1218 ante
1234 1189 1344 1219 biblio-

112 1234 252 1272 polarum
278 1236 439 1268 tabernas;
461 1234 571 1272 quibus
592 1234 741 1262 columnis
762 1234 908 1262 librorum
932 1233 1084 1262 venalium
1104 1232 1220 1261 indices
1238 1231 1344 1270 affige-

114 1277 421 1307 hautun—‘Etiam
448 1277 604 1305 columnas
627 1276 694 1304 illas
719 1276 903 1304 inanimatas
929 1277 1025 1313 pudet
1047 1274 1246 1304 mediocrium
1271 1283 1345 1312 poe-

113 1325 214 1348 tarum
240 1324 271 1347 et
294 1319 404 1347 horum
430 1319 556 1347 nomina
578 1318 633 1347 sibi
661 1318 742 1355 affigi
769 1318 969 1355 indignantur
993 1327 1053 1346 non
1079 1326 1164 1346 secus
1193 1322 1285 1355 atque
1308 1316 1345 1346 iis

112 1361 181 1390 irati
199 1367 269 1390 sunt
285 1361 315 1389 di
331 1361 553 1399 hominesque.'
577 1361 700 1399 (Nullos
716 1361 856 1389 videlicet
871 1360 1028 1398 reperiunt
1042 1357 1219 1398 emptores)

157 1404 228 1438 375,
249 1404 319 1438 376.
353 1402 464 1442 [Sardo
486 1414 549 1432 cum
573 1401 673 1441 melle]
710 1403 896 1431 “Corsicum
922 1407 952 1431 et
978 1402 1107 1431 Sardum
1133 1402 1194 1430 mel
1221 1401 1345 1439 pessimi

113 1446 229 1484 saporis
254 1446 331 1475 est.”
360 1447 468 1484 Porph.
484 1443 641 1484 —[duci]
673 1446 808 1483 ‘poterat
833 1454 919 1483 aeque
946 1444 1086 1473 hilariter
1109 1443 1235 1482 produci
1259 1452 1345 1472 coena

112 1489 179 1517 sine
208 1489 273 1517 istis
299 1486 484 1528 παρέργοις,
515 1498 593 1526 quae,
625 1497 694 1517 cum
724 1493 909 1526 praepostera
937 1493 1018 1521 sunt,
1041 1486 1180 1515 molestia
1209 1486 1346 1515 afficiunt

113 1531 277 1560 convivas.’

155 1573 332 1608 379—383.
366 1570 516 1612 [Ludere]
552 1572 719 1604 ‘Quamvis
743 1572 808 1600 haec
833 1571 893 1609 (vv.
915 1570 1095 1607 372-378)
1118 1579 1209 1599 nemo
1233 1579 1346 1607 negare

114 1617 236 1652 audeat,
263 1622 364 1644 tamen
381 1615 482 1644 nescio
498 1615 558 1653 qua
580 1615 700 1644 insania
720 1614 790 1650 acti,
811 1614 945 1652 imperiti
966 1613 1109 1650 permulti
1131 1612 1236 1651 poesin
1258 1621 1346 1641 exer-

115 1658 205 1687 cent.'
252 1659 396 1687 Ceterum
415 1658 523 1686 similis
544 1657 696 1686 sententia
719 1662 764 1685 est
782 1657 858 1694 Epp.
875 1657 904 1691 2,
923 1656 949 1690 l,
967 1651 1344 1694 114.-—[campestri1ms]

117 1700 247 1738 ‘quibus
268 1706 396 1728 utuntur
413 1701 554 1729 ludentes
572 1701 604 1728 in
627 1699 744 1736 Campo
765 1699 941 1727 Martio.’—
953 1695 1096 1737 [coronae]
1122 1700 1348 1735 ‘spectatorum

115 1743 264 1777 catervae,’
289 1748 321 1771 ut
338 1743 418 1780 Epp.
436 1742 463 1777 1,
482 1742 530 1777 18,
545 1742 594 1771 64.
616 1758 659 1762 -
676 1739 823 1780 [Quidni]
849 1741 1012 1779 respondet
1027 1750 1105 1768 unus
1123 1749 1162 1768 ex
1176 1739 1234 1768 isto
1249 1739 1345 1768 malo-

114 1794 183 1814 rum
209 1791 367 1822 poetarum
391 1794 504 1822 grege:
537 1785 633 1816 ‘Quis
662 1783 738 1812 mihi
768 1784 930 1812 interdicet
958 1792 1062 1811 versus
1085 1790 1228 1820 pangere,
1251 1790 1348 1820 quum

114 1827 172 1856 sim
202 1828 290 1865 liber,
313 1827 415 1856 liberis
445 1827 624 1865 parentibus
651 1832 739 1855 natus
763 1832 802 1861 et,
825 1827 905 1864 quod
931 1827 1028 1863 majus
1054 1825 1146 1853 etiam
1172 1828 1228 1859 est,
1254 1832 1347 1861 eques

115 1870 284 1903 Romanus,
300 1870 365 1899 sine
381 1870 444 1898 ullo
458 1870 594 1904 crimine,
610 1878 766 1906 nunquam
783 1870 919 1898 ceusorioe
933 1868 1098 1897 severitatis
1112 1867 1181 1895 ποῖά
1197 1867 1311 1896 inustus
1319 1865 1346 1895 Γ

116 1912 193 1949 (Cic.
225 1913 344 1941 cluent.
374 1911 492 1950 46.)—
516 1909 708 1951 [equestrem]
745 1913 858 1949 ‘quum
886 1919 994 1939 census
1017 1909 1074 1938 sim
1097 1908 1347 1947 quadringenties

114 1955 310 1988 sestertium,'
335 1953 491 1993 (senatorii
508 1955 615 1983 census
632 1954 759 1982 dimidia
774 1952 885 1991 parte.)

158 1997 333 2027 385—390.
360 1995 439 2035 [Tu]
465 1998 471 2012 ‘
485 1997 531 2025 Tu
547 2006 618 2025 vero
633 1997 694 2024 noli
710 1996 837 2025 istorum
853 1995 959 2024 similis
977 2003 1057 2031 esse3
1074 1993 1206 2032 primum
1221 1991 1347 2031 explora

114 2045 144 2068 te
159 2039 270 2078 ipsum,
295 2044 398 2067 utrum
421 2039 570 2077 poeticam
594 2039 726 2067 indolem
748 2038 801 2066 tibi
825 2037 933 2075 largita
955 2037 993 2065 sit
1015 2041 1124 2065 natura
1144 2044 1257 2070 necne;
1279 2040 1345 2064 tum

114 2083 239 2111 consule
263 2079 775 2120 amicos.’-—[Iuvitd—Minervd]
808 2081 869 2109 cic.
893 2074 934 2108 ⁸de
961 2079 1018 2108 Off.
1039 2079 1066 2113 l,
1091 2077 1148 2107 31:
1182 2078 1288 2110 iuvita,
1312 2081 1346 2106 ut

114 2126 210 2158 αιίιηί,
235 2124 382 2160 Minerva,
412 2125 445 2153 id
469 2127 522 2159 est,
548 2125 721 2153 adversante
751 2127 779 2152 el
803 2126 985 2161 repugnante
1008 2117 1248 2158 notarri—[Id
1271 2115 1343 2158 tibi]

116 2167 321 2204 Frequentius
345 2176 400 2204 per
422 2166 566 2195 relativa:
592 2166 692 2204 ‘quod
716 2171 803 2194 tuum
822 2164 985 2202 judicium,
1008 2173 1075 2201 quae
1096 2168 1149 2191 tua
1171 2170 1258 2190 mens
1280 2166 1344 2196 est;

114 2219 170 2248 pro
193 2214 246 2237 tuo
264 2209 391 2246 judicio,
416 2210 508 2246 probe
533 2208 606 2236 mihi
629 2208 725 2237 ηοω]
741 2223 783 2228 -—
801 2205 922 2246 [Maeci]
951 2207 1001 2244 Sp.
1019 2205 1143 2234 Maecius
1165 2204 1284 2242 Tarpa3
1307 2203 1345 2232 de

116 2261 176 2290 quo
201 2251 270 2279 vide
294 2252 354 2280 Sat.
373 2251 400 2286 l,
420 2251 467 2286 10,
483 2250 586 2280 38.—
600 2247 645 2289 [et
667 2247 798 2289 nostras]
834 2252 841 2264 ‘
855 2249 907 2287 qui
933 2257 1002 2278 vere
1026 2247 1080 2276 tibi
1105 2255 1173 2276 sum
1191 2244 1344 2279 amicus;’

115 2294 180 2323 sine
196 2294 259 2322 ulla
274 2293 449 2331 arrogantia
463 2294 579 2322 dictum
601 2298 655 2322 est.
670 2309 712 2315 —
730 2289 920 2332 [nonumque]
950 2292 957 2306 ⁵
970 2290 1041 2320 Noli
1055 2287 1203 2328 poematis
1219 2287 1263 2317 tui
1279 2287 1344 2317 edi-

1375 677 1377 685 .

1368 691 1376 714 ἰ,
