1390 2586
134 109 212 151 154,
551 110 916 143 INTERPRETATIO.
1262 110 1351 156 [m.

134 209 286 240 adversis)
297 225 339 231 ——
352 207 460 248 [puer]
485 214 565 238 certe
581 217 613 239 Α.
630 218 661 239 u.
677 218 705 239 c.
727 209 797 246 712,
819 210 876 239 hoc
900 209 981 239 enim
1003 211 1051 241 vel
1070 215 1215 250 sequente
1229 213 1354 243 Trium·

135 252 268 281 virorum
294 252 510 290 proscriptione
533 251 630 281 Ofella
656 252 783 281 fundum
808 262 896 281 suum
919 253 1068 283 amiserat.
1114 254 1229 284 Eadem
1253 261 1354 285 autem

135 294 268 324 conditio
284 294 388 323 Ofellae
403 299 493 331 atque
511 294 633 332 Lycidae
649 294 808 332 Virgiliani
830 295 894 324 Ecl.
909 295 938 330 9,
955 295 983 330 4,
999 293 1127 335 (advena
1149 298 1243 326 nostri
1264 298 1356 337 agelli

123 335 250 375 ‘dixit:)
275 340 282 352 ‘
295 337 369 366 Hoec
391 346 455 366 mea
477 340 565 366 sunt:
588 340 698 366 veteres
719 339 845 376 migrate
869 338 980 367 coloni.¹
993 354 1034 359 —
1047 337 1118 377 [non
1142 336 1248 378 latius]
1274 342 1356 369 ‘non

137 379 259 417 largius,
282 388 343 407 non
366 378 538 416 profusius.’
582 379 754 417 Opponitur
773 381 938 418 angustius.
971 381 1048 410 Caes.
1070 380 1104 410 Β.
1121 381 1155 410 C.
1171 380 1200 416 3,
1226 380 1273 416 16,
1296 392 1357 411 rem

127 420 368 460 frumentariam,
381 423 439 460 qud
454 425 577 460 anguste
588 422 735 451 utebatur.
746 436 789 442 —
799 419 922 460 [metato
933 422 964 451 in
974 420 1084 462 agello]
1108 425 1116 438 ‘
1126 433 1215 461 quem
1229 429 1358 453 metator

136 464 304 501 assignarat
320 463 474 492 Umbreno
488 462 650 493 veterano.’
695 463 743 492 Sic
758 463 896 493 Valerius
911 464 995 500 Cato,
1014 465 1075 494 Dir.
1091 465 1140 498 45,
1157 465 1279 495 pertica
1292 476 1357 505 quae

137 510 250 535 nostros
275 510 385 535 metata
408 509 452 535 est
476 507 567 543 impia
591 503 918 545 agellos.--[fortem]
944 507 1086 542 ‘navum‚
1111 517 1186 546 opus
1212 508 1357 538 rusticum

137 554 260 577 strenue
284 547 455 583 facientem,
481 547 536 577 etsi
564 558 644 577 nunc
668 548 768 586 potius
792 558 869 578 novo
894 549 1016 578 domino
1041 559 1131 588 quam
1155 549 1276 580 sibimet
1299 550 1358 589 ipsi

137 600 244 627 agrum
259 590 348 619 colit.’
361 606 403 610 —
417 587 564 629 [mercede
580 589 724 630 colonum]
749 590 854 619 Coloni
877 591 958 620 enim
978 597 1031 620 aut
1051 591 1184 629 partiarii
1206 597 1302 628 erant,
1325 597 1359 622 ut

137 633 284 662 Italorum
307 634 441 668 massari,
465 633 628 671 Metayers,
650 638 702 662 aut
723 633 854 662 nummis
874 633 1068 671 locupletium
1091 643 1178 673 agros
1201 635 1358 670 colebaut3

139 675 218 704 Plin.
246 675 321 713 Epp.
337 675 366 710 9,
382 674 432 710 37,
453 675 522 704 Non
542 676 676 710 nummis,
698 676 751 705 sed
765 675 904 714 partibus
919 676 1015 710 locem,
1033 675 1088 712 (ita
1109 681 1143 705 ut
1164 677 1291 706 dimidia
1311 677 1360 706 vel

138 718 226 747 tertia
247 719 412 756 proventus
428 727 495 755 pars
511 717 609 746 coloni
625 717 672 754 sit,
688 717 805 756 reliqua
819 717 952 753 domini3
976 717 1081 747 ofenae
1097 725 1177 747 certa
1191 719 1296 758 pensio
1311 729 1360 748 as-

136 759 255 797 signata
269 765 340 788 erat.
374 760 490 789 Colum.
509 759 535 794 1,
552 757 596 798 7.)

182 801 355 831 116-122.
380 799 465 840 [Νοη
494 800 616 841 temere]
649 803 727 831 ‘non
749 801 847 837 facile,
875 799 1159 841 raros—[pensilis
1178 801 1251 842 uva]
1282 803 1363 832 Plin.

140 844 181 873 H.
200 845 236 873 N.
257 844 304 877 14,
320 844 349 879 3,
370 845 490 873 Durani
511 845 579 874 aliae
595 842 690 882 (uvae)
710 855 763 883 per
782 845 902 874 hiemem
921 845 1028 883 pensili
1049 849 1257 875 concamerata·
1277 847 1360 881 noda,

139 886 188 926 ᾅτ.
202 885 387 926 -—[dnplice
401 884 480 925 ficu]
506 886 637 916 ‘bifida’
669 887 763 916 Sclzol-
787 887 899 916 Pallad.
926 888 963 916 R.
987 888 1022 916 R.
1042 886 1071 922 4,
1096 886 1143 922 10,
1158 887 1210 925 35,
1232 888 1362 918 Subinde

129 930 216 968 ficu-s,
239 931 315 958 sicut
339 933 382 958 est
400 930 506 964 divisa,
528 933 671 965 vertatur,
693 934 726 958 ut
738 929 861 967 ficorum
880 931 961 959 coria
974 931 1119 959 siccentur
1134 934 1163 960 et
1177 931 1277 969 pulpa
1292 935 1362 960 tunc

136 973 296 1010 duplicate?
311 972 341 1000 in
355 972 477 1001 cistellis
490 976 641 1002 serventur
655 976 707 1001 aut
722 972 832 1001 loculis.

183 1014 251 1044 123.
276 1011 446 1053 [Posthac]
473 1014 521 1043 Ex
537 1014 662 1052 antiquo
682 1023 765 1043 more
784 1014 908 1043 demum
930 1018 997 1051 post
1018 1013 1099 1043 cibos
1122 1019 1257 1052 sumptos
1277 1019 1363 1053 pota·

137 1058 221 1091 bant,
236 1056 383 1085 luxuriosi
399 1061 503 1085 contra
517 1055 596 1085 inter
610 1056 772 1085 edendum.
796 1057 920 1091 Seneca,
935 1056 1014 1094 Epp.
1032 1055 1103 1093 122,
1120 1057 1191 1086 Post
1203 1058 1363 1094 prandium

138 1103 191 1128 aut
206 1109 316 1128 coenam
334 1099 430 1128 bibere
445 1099 566 1137 vulgare
580 1103 624 1128 est
635 1110 645 1128 ,-
669 1100 721 1128 hoc
739 1102 842 1137 patres
853 1096 982 1137 samiliae
997 1100 1101 1127 rustici
1106 1097 1229 1136 faciunt
1244 1103 1272 1129 et
1287 1108 1363 1129 verae

139 1142 300 1179 voluptatis
325 1139 603 1179 ignari—[ludus
628 1137 710 1179 erat]
745 1141 834 1170 ‘Post
859 1141 916 1170 hoc
941 1150 978 1169 eo
999 1141 1089 1169 modo
1113 1141 1300 1176 ludebamus,
1329 1146 1364 1170 ut

139 1184 222 1213 certa
238 1183 316 1212 inter
333 1193 386 1211 nos
402 1183 525 1221 potandi
541 1183 606 1221 lege
626 1183 716 1218 dicta,
738 1183 773 1219 is,
796 1183 849 1221 qui
870 1193 931 1212 non
951 1184 1196 1221 obtemperasset,
1217 1189 1364 1221 sequente

138 1226 203 1255 vice
216 1235 277 1254 uno
288 1226 397 1263 poculo
408 1226 597 1261 multaretur,
610 1230 700 1263 atque
713 1226 800 1264 culpa
814 1225 973 1254 commissa
983 1225 1068 1263 quasi
1080 1225 1204 1263 potandi
1221 1226 1365 1262 magistra
1379 1238 1382 1239 ⁷

140 1266 282 1297 omnibus
304 1267 401 1296 esset.’
448 1267 546 1305 Vulgo
568 1268 611 1296 ita
633 1268 804 1306 explicant3
828 1267 899 1305 ‘qui
922 1267 1042 1305 culpam
1065 1268 1306 1306 qualemcunque
1330 1268 1364 1297 in

141 1310 271 1340 bibendo
286 1310 487 1345 commiserat,
502 1310 545 1339 ita
559 1309 752 1348 puniebatur,
772 1314 806 1339 ut
821 1309 901 1339 illico
915 1310 1057 1348 poculum
1072 1319 1166 1338 unum
1182 1319 1244 1348 prae
1258 1309 1365 1339 ceteris

142 1352 293 1382 exsiccare
309 1353 442 1387 deberet,
454 1362 521 1390 quae
537 1352 659 1390 quidem
675 1361 765 1391 poena
780 1352 914 1381 convivis
928 1351 1022 1381 risum
1039 1353 1187 1387 movebat,
1202 1351 1274 1390 quia
1287 1362 1365 1391 prae-

140 1395 237 1424 mium
257 1395 357 1432 potius
373 1399 437 1423 erat
449 1394 466 1429 ;'
490 1395 538 1423 vel
553 1400 588 1423 ut
605 1394 811 1431 Heindorfius,
831 1394 928 1432 magis
942 1394 1034 1423 etiam
1049 1394 1088 1423 ad
1103 1401 1230 1429 ηοεῑνοε,
1251 1404 1311 1424 non
1327 1394 1365 1423 ad

141 1437 321 1466 rusticorum
338 1437 545 1466 Romanorum
567 1446 685 1470 mores;
708 1437 799 1466 ‘Post
819 1446 937 1466 coenam
959 1437 998 1466 ad
1022 1436 1128 1465 ludum
1151 1437 1284 1475 aliquem
1310 1446 1366 1466 nos

139 1479 367 1509 conferebamus
386 1478 531 1517 (talorum
555 1484 629 1518 puta
644 1479 691 1508 vel
714 1478 858 1518 similem)
872 1491 879 1514 ς
904 1478 1015 1516 quique
1036 1478 1069 1508 in
1084 1487 1120 1508 eo
1135 1488 1268 1508 errorem
1282 1488 1365 1508 com-

142 1522 277 1556 miserat,
293 1522 434 1559 poculum
451 1522 571 1551 ebibere
588 1521 735 1551 debebat?

186 1564 254 1598 124,
273 1564 340 1593 125.
366 1561 429 1602 [Ac
443 1562 598 1603 venerata]
623 1563 730 1603 passiV.
747 1563 854 1592 eodem
869 1562 1040 1600 significatu
1063 1566 1153 1600 atque
1170 1562 1268 1592 Plaut.
1284 1563 1365 1592 Rufi.

142 1607 173 1641 5,
188 1607 217 1642 2,
240 1607 290 1642 62,
311 1606 416 1642 Venus,
438 1616 558 1636 veneror
575 1611 612 1642 te,
636 1610 670 1635 ut
691 1616 786 1636 omnes
805 1607 904 1635 miseri
925 1605 1039 1634 lenones
1060 1606 1145 1634 sient.
1190 1605 1290 1634 Carm.
1307 1614 1365 1635 sec.

142 1649 194 1682 49,
218 1659 338 1687 quaeque
352 1659 399 1678 vos
416 1650 503 1678 bobus
517 1652 674 1678 veneratur
687 1649 772 1683 albis,
788 1647 839 1687 &a
883 1647 994 1676 Votum
1009 1647 1203 1676 convivarum
1218 1653 1283 1676 erat
1297 1656 1367 1677 cum

140 1691 337 1720 libationibus
359 1691 499 1720 Cererem
522 1689 734 1723 adorantium;
758 1691 766 1706 ‘
779 1691 822 1719 ita
845 1694 951 1729 surgat
975 1690 1036 1719 alto
1057 1689 1169 1719 culmo.’
1214 1689 1367 1728 Inscriptt.

141 1733 207 1763 Lat.
225 1733 262 1762 N.
284 1732 375 1768 4751,
398 1734 443 1762 ita
463 1733 572 1763 valeas.
615 1733 712 1762 Plaut.
734 1732 803 1761 Aul.
823 1733 852 1767 2,
872 1732 898 1767 l,
916 1731 966 1768 27,
992 1733 1037 1761 ita
1059 1733 1091 1761 di
1103 1730 1272 1770 faxint.—-
1285 1729 1367 1771 [eon-

139 1773 260 1814 traceae]
285 1777 421 1811 ‘rugosae
441 1781 563 1814 propter
583 1774 819 1804 sollicitudines)
854 1775 952 1804 Plaut.
975 1774 1086 1812 Amph.
1111 1773 1189 1803 Prol.
1208 1774 1260 1810 52,
1288 1774 1369 1806 Quid

140 1818 327 1848 contraxiseis
332 1815 463 1854 frontem
476 1819 492 1846 ,⁹

185 1859 359 1894 127-129,
383 1857 482 1898 [hinc]
508 1861 515 1875 ⁶
526 1869 563 1888 ex
578 1858 615 1888 iis
630 1859 808 1894 commodis,
830 1858 941 1897 quibus
959 1868 1040 1887 nunc
1057 1863 1091 1887 ut
1111 1863 1201 1887 antea
1213 1857 1367 1887 fruimur-³

144 1919 186 1924 —
200 1899 365 1941 [nituistis]
391 1905 398 1917 ⁸
411 1901 539 1939 pingues
554 1911 588 1930 ac
603 1901 695 1930 validi
718 1901 835 1931 fuistis.'
849 1917 889 1922 —
905 1898 950 1940 [O
962 1898 1064 1940 pueri]
1089 1901 1212 1930 “Pueri
1237 1906 1290 1930 aut
1311 1900 1367 1930 filii

145 1950 198 1974 aut
213 1944 322 1974 servi.’'
351 1944 422 1973 Acr.
445 1943 494 1973 Tu
509 1944 707 1982 interpretare
723 1944 760 1973 de
775 1943 856 1973 filiis.
867 1959 909 1964 —
920 1940 986 1982 [ut]
1010 1945 1018 1960 ‘
1033 1952 1070 1972 ex
1087 1952 1146 1981 quo
1162 1942 1368 1982 tempore-’—

146 1984 275 2028 [incola]
300 1986 512 2024 significanter
531 1987 663 2021 incolam,
690 1995 751 2015 non
774 1987 920 2016 dominum
944 1985 1016 2014 dicit
1031 1990 1205 2014 veteranum
1225 1986 1368 2015 advenam

138 2039 331 2069 possessorem
359 2025 687 2067 agelli.—[propriae]
719 2028 770 2057 ‘in
796 2033 975 2067 perpetuum
1002 2028 1040 2057 ab
1065 2036 1126 2056 uno
1154 2026 1368 2065 possidendae!

144 2071 193 2102 Sic
211 2071 307 2101 Lucil.
324 2071 374 2106 27,
390 2071 440 2106 32,
460 2071 553 2102 Quum
564 2073 654 2100 sciam
665 2071 754 2100 Nihil
767 2081 828 2100 esse
843 2072 874 2100 in
886 2071 949 2100 υὶιά
958 2070 1111 2108 proprium
1125 2070 1242 2098 mortali
1256 2070 1370 2099 datum.

146 2114 237 2143 Corn.
256 2114 334 2151 Nep.
357 2114 462 2142 Thras.
479 2113 507 2148 4,
527 2114 558 2147 2,
579 2123 675 2151 parva
697 2123 817 2142 munera
839 2114 965 2148 diutina,
989 2112 1145 2150 locupletia
1166 2121 1221 2140 non
1243 2113 1367 2150 propria

143 2166 204 2186 esse
226 2159 410 2186 consuerant.
453 2156 514 2185 Sat.
537 2156 567 2190 2,
589 2155 619 2190 6,
644 2156 673 2190 5,
696 2159 729 2184 ul
754 2156 877 2194 propria
898 2156 958 2184 haee
987 2155 1058 2183 mila·
1085 2163 1206 2183 munera
1219 2151 1366 2192 faxis.—

146 2196 280 2238 [herum]
308 2199 372 2227 Hoc
387 2207 449 2226 voc.
465 2197 584 2236 proprie
600 2198 638 2226 ad
653 2197 802 2236 mancipia
818 2197 956 2232 refertur,
970 2196 1019 2226 hic
1034 2196 1072 2225 ad
1086 2195 1226 2225 fundum.

187 2240 360 2270 131—136.
384 2237 559 2279 [nequities]
584 2241 592 2255 ‘
605 2239 669 2269 Aut
683 2239 855 2278 profusione
870 2245 923 2268 aut
937 2238 990 2268 lite
1004 2238 1115 2276 alique,
1137 2247 1229 2276 quam
1243 2241 1366 2276 propter

143 2283 245 2321 legum
271 2289 362 2320 atque
386 2283 552 2312 edictorum
582 2282 773 2312 inscientiam
797 2282 914 2320 perdet,
942 2281 1021 2310 nova
1048 2280 1236 2318 possessione
1261 2289 1365 2309 rursus

142 2322 505 2364 expelletur.’—[vafri]
535 2325 596 2354 Sat.
622 2325 651 2360 2,
672 2325 701 2361 5,
726 2323 776 2361 34,
795 2323 852 2364 jas
874 2320 1231 2363 anceps.—-[Umbreni]
1263 2321 1365 2351 Homo
