1390 2586
403 99 669 130 SATmARUM
699 99 789 128 Lm.
812 99 842 127 1.
867 87 932 126 10.
1234 86 1292 126 23

40 202 118 247 Est
137 203 336 247 brevitate
357 217 472 259 opus,
496 209 542 244 ut
563 208 697 243 currat
716 200 934 250 sententia,
957 214 1040 242 neu
1060 213 1104 241 se

38 260 244 318 Impediat
262 259 399 302 verbis
420 260 542 302 lassas
563 259 830 301 onerantibus
850 273 991 308 aures3
1241 260 1291 298 10

39 317 98 361 Et
115 333 302 360 sermone
323 332 426 374 opus
447 326 510 360 est
531 317 650 359 modo
671 316 788 365 tristi,
811 331 918 372 saepe
933 317 1090 371 jocoso,

23 375 306 430 „Defendente
328 376 460 417 vicem
482 375 603 416 modo
625 374 798 416 rhetoris
817 383 942 430 atque
965 382 1112 429 poetae,

36 433 252 476 Interdum
275 432 432 483 urbani,
455 432 658 489 parcentis
680 431 845 480 viribus,
868 439 993 487 atque

37 489 315 542 Extenuantis
335 505 404 532 eas
425 490 622 532 consulto.
687 489 924 530 Ridiculum
946 489 1029 530 acri

23 547 204 591 ‘Fortius
224 557 267 590 et
287 548 433 589 melius
454 563 623 604 magnas
644 547 888 603 plerumque
909 555 1020 588 secat
1042 561 1119 588 res.
1241 547 1292 587 15

18 604 121 656 ν’ῙΙΙί,
143 606 294 662 scripta
314 606 464 662 quibus
485 605 685 647 comoedia
705 604 836 660 prisca
857 604 953 645 viris
974 614 1048 653 est,

16 662 137 720 4Hoc
155 664 329 713 stabant,
353 663 428 704 hoc
449 673 544 705 sunt
563 662 764 711 imitandi,
785 677 886 718 quos
909 677 1044 717 neque
1066 661 1237 718 pulcher

21 719 331 778 *Hermogenes
352 735 532 778 unquam
554 720 668 777 legit,
691 735 828 775 neque
850 719 991 760 simius
1011 720 1102 769 iste,

43 777 115 820 Nil
135 789 283 835 praeter
305 779 477 821 Calvum
501 786 544 820 et
564 779 708 820 doetus
729 778 894 819 cantare
919 777 1141 819 Catullum.

20 877 21 880 ,
41 835 103 878 At
122 851 316 892 magnum
339 836 448 887 fecit,
472 836 581 892 quod
603 835 738 877 verbis
761 835 910 877 Graeca
932 835 1092 876 Latinis
1238 838 1293 876 20

16 901 22 946 “j
43 890 229 936 Miscuit.
290 893 332 936 Ο
352 894 432 935 seri
453 894 678 936 studiorum
697 892 706 935 !
739 893 864 949 quine
888 893 1040 948 putetis

25 949 224 1002 'Difficile
245 960 287 994 et
307 951 468 1001 mirum,
494 950 659 992 Rhodio
680 950 790 1006 quod
816 950 1068 992 Pitholeonti

42 1007 268 1066 Contigit?
328 1009 388 1052 At
407 1024 541 1050 sermo
563 1009 706 1066 lingua
728 1009 953 1050 concinnus
975 1008 1150 1064 utrfique

24 1119 26 1121 ‚
45 1065 228 1117 Suavior,
253 1075 298 1109 ut
321 1067 428 1108 Chio
450 1076 546 1108 nota
565 1066 598 1107 si
620 1067 841 1108 commixta
865 1065 1030 1107 Falerni
1051 1071 1142 1108 est.'

6 1164 14 1173 ,
45 1123 186 1173 Quum
202 1126 342 1166 versus
363 1125 499 1174 facias,
516 1134 556 1166 te
578 1124 711 1180 ipsum
735 1132 964 1179 percontor,
981 1139 1033 1164 an
1056 1133 1098 1166 et
1118 1138 1246 1180 quum

43 1180 164 1224 Dura
183 1179 258 1223 tibi
279 1182 514 1239 peragenda
533 1183 590 1223 rei
612 1182 665 1224 sit
686 1197 806 1223 causa
829 1181 1000 1223 Petilli?
1240 1185 1295 1222 ‘26

24 1272 33 1291 5
44 1238 214 1282 Scilicet
233 1239 380 1282 oblitos
401 1239 624 1296 patriaeque
647 1239 855 1295 patrisque
878 1238 1033 1289 Latini,

46 1295 188 1347 Quum
213 1297 366 1343 Pedius
386 1313 526 1339 causas
546 1297 721 1339 exsudet
745 1296 967 1353 Poplicola,
989 1305 1115 1357 utque

48 1354 264 1404 Corvinus,
286 1354 427 1411 patriis
447 1355 729 1396 intermiscere
752 1356 881 1410 petita

46 1410 185 1454 Verba
204 1413 301 1454 foris
322 1412 450 1463 malis,
471 1410 671 1454 Canusini
694 1428 804 1454 more
829 1411 1061 1468 bilinguis?
1241 1415 1297 1453 30

37 1470 188 1526 ἼΑίςφιε
210 1485 289 1527 ego
310 1485 437 1527 quum
461 1470 631 1512 Graecos
652 1471 844 1520 facerem,
869 1480 987 1512 natus
1008 1484 1120 1512 mare
1142 1470 1256 1519 citra,

39 1525 293 1578 Versiculos,
316 1528 448 1570 vetuit
469 1527 540 1570 tali
561 1543 626 1569 me
648 1543 746 1569 voce
769 1527 984 1577 Quirinus,

48 1583 148 1628 Post
167 1586 341 1628 mediam
363 1595 526 1642 noctem
548 1586 670 1636 visus,
694 1600 821 1641 quum
843 1586 1001 1627 somnia
1022 1600 1142 1627 vera:
1179 1629 1190 1638 x

31 1647 78 1684 .“
99 1641 148 1684 In
169 1643 311 1686 silvam
333 1658 415 1685 non
438 1644 550 1701 ligna
570 1644 675 1695 feras
695 1643 890 1693 insanius,
913 1658 960 1685 ac
979 1643 1013 1685 si

0 1737 3 1745 ,
50 1698 230 1757 Magnas
253 1701 491 1744 Graecorum
513 1701 629 1743 malis
649 1701 822 1757 implere
844 1702 1065 1743 catervas.’'
1133 1724 1137 1726 ἡ
1242 1704 1297 1742 35

3 1770 25 1816 ’.ἢ
49 1756 262 1815 Turgidus
284 1759 463 1814 Alpinus
477 1759 645 1815 jugulat
666 1759 763 1800 dum
788 1758 1031 1809 Memnona,
1054 1759 1236 1815 dumque

1 1821 29 1851 ’ψ
47 1813 243 1872 Defingit
265 1816 403 1857 Rheni
426 1817 580 1861 luteum
603 1826 747 1872 caput3
780 1816 866 1859 haec
886 1832 965 1872 ego
987 1816 1096 1866 ludo,

1 1895 32 1926 -ςἸ
49 1871 158 1927 Qua}
179 1888 255 1915 nec
275 1874 317 1915 in
338 1874 426 1920 tede
445 1883 594 1917 sonent
615 1874 824 1925 certantia,
841 1875 983 1930 judice
1006 1874 1091 1916 Tar
1124 1875 1173 1924 ἃς

2 1937 29 1980 η’
49 1928 141 1972 Nec
161 1931 332 1974 redeant
351 1932 499 1973 iterum
519 1943 642 1988 atque
663 1933 811 1974 iterum
832 1932 1054 1986 spectanda
1075 1890 1256 1975 tiieatris.

6 1988 212 2046 JJArgutz‘i
234 1989 446 2031 meretrice
467 1998 596 2046 potes,
621 1990 826 2046 Davoque
850 1989 1073 2032 Chremeta
1244 1993 1299 2031 40

21 2043 257 2101 „Eludente
277 2061 432 2096 senem,
455 2048 580 2089 comis
601 2048 754 2103 garrire
777 2047 948 2097 libellos,

9 2100 172 2159 {Unus
193 2103 390 2154 vivorum,
418 2103 451 2145 F
456 2101 628 2155 undani'3
663 2105 797 2147 Pollio
817 2121 964 2162 regum

4 2143 30 2219 ξ,
40 2158 176 2203 -Faeta
196 2162 317 2211 canit,
341 2161 446 2218 pede
467 2170 530 2204 ter
549 2178 741 2218 percusso
758 2179 767 2212 ς
799 2163 903 2204 forte
925 2178 1024 2219 epos
1044 2178 1150 2214 acer,

10 2243 30 2263 «2
50 2217 114 2261 Ut
133 2231 267 2270 nemo,
292 2219 442 2262 Varius
462 2220 598 2269 ducit3
632 2220 897 2276 moneatque
919 2221 1096 2262 facetum

6 2274 229 2334 51³Virgilio
248 2286 482 2319 annuerunt
502 2277 730 2334 gaudentes
751 2278 1075 2321 rure‘Camenae.
1244 2282 1300 2319 45

10 2325 148 2456 ’ςᾘοο
167 2343 266 2386 erat,
289 2343 460 2392 experto
481 2336 630 2378 frustra
650 2335 836 2378 Varrone
860 2336 1036 2378 Atacino
1070 2375 1076 2381 .
