1390 2586
353 106 672 136 ErisToLAuuM
702 105 792 133 ΜΒ.
816 105 844 132 1.
871 93 934 132 14.
1225 91 1274 131 71

26 210 72 254 Si
92 209 262 260 validus,
283 209 318 251 si
338 209 454 252 laetus
475 208 566 258 erit,
588 207 622 249 si
642 206 821 263 denique
842 211 1005 260 poscet3

24 267 94 310 Ne
113 267 248 310 studio
267 266 395 309 nostri
417 281 577 323 pecces,
599 264 821 320 odiumque
844 263 992 305 libellis

26 325 205 368 Sedulus
224 324 433 381 importes,
456 323 581 380 opera
602 321 849 363 vehemente
867 320 1065 362 minister.
1251 321 1277 358 5

27 382 71 426 Si
94 391 135 425 te
154 383 259 424 forte
279 397 383 424 meae
403 381 538 437 gravis
559 387 651 421 uret
670 379 827 421 sarcina
846 378 1008 428 chartae,

26 439 211 495 Abjicito
230 439 379 495 potius,
403 453 540 495 quam,
564 452 646 494 quo
667 437 847 492 perferre
862 435 1035 492 juberis,

27 497 214 540 Clitellas
234 497 344 538 ferus
364 496 581 552 impingas,
606 495 831 549 Asinaeque
852 501 1068 549 paternum

27 553 271 611 Cognomen
293 562 426 596 vertas
446 555 489 594 in
510 553 651 604 risum,
673 559 715 593 et
735 550 871 592 fabula
890 550 974 592 fias.

25 611 197 654 Viribus
218 611 343 654 uteris
363 626 437 667 per
457 610 597 661 clivos,
619 609 801 659 flumina,
825 609 974 650 lamas:
1228 609 1278 647 10

26 668 170 711 Victor
190 668 388 725 propositi
408 668 529 710 simul
549 683 596 709 ac
617 666 851 723 perveneris
872 666 983 716 illuc,

29 726 100 769 Sic
118 728 297 783 positum
318 725 496 768 servabis
517 739 632 774 onus,
655 739 708 765 ne
730 725 834 765 forte
854 723 929 765 sub
950 723 1016 767 ala

28 783 285 829 Fasciculum
307 791 444 840 portes
463 783 673 831 librorum,
696 790 741 823 ut
760 780 935 823 rusticus
955 794 1122 838 agnum,

28 839 94 884 Ut
111 841 254 884 vinosa
273 841 430 898 glomos
451 840 611 882 furtivae
634 838 811 896 Pyrrhia
830 839 948 890 lanae,

28 896 94 943 Ut
114 914 206 941 cum
226 898 377 956 pileolo
397 897 526 940 soleas
547 897 718 939 conviva
739 896 911 938 tribulis.
1230 895 1280 934 15

29 954 98 1000 Ne
118 956 244 1014 vulgo
264 971 403 998 narres
424 963 464 997 te
485 954 693 997 sudavisse
715 953 885 996 ferendo

31 1012 237 1065 Carmina,
260 1029 353 1071 quae
374 1013 530 1070 possint
550 1012 688 1054 oculos
708 1026 909 1067 auresque
930 1009 1078 1052 morari

31 1070 231 1115 Caesaris:
263 1079 398 1113 oratus
419 1070 548 1112 multa
570 1084 706 1126 prece,
729 1069 860 1110 nitere
882 1083 1015 1126 porro.

29 1126 160 1181 Vade,
182 1129 286 1180 vale,
309 1144 407 1171 cave
428 1143 480 1169 ne
501 1127 666 1177 titubes,
689 1126 962 1183 mandataque
982 1125 1158 1181 frangas.

212 1378 428 1407 EPISTOLA
458 1376 668 1405 XIv.—AD
698 1375 919 1403 VILLICUM
950 1375 1091 1402 SUUM.

32 1474 180 1518 Villice
201 1473 392 1516 silvarum
414 1479 457 1514 et
477 1469 576 1512 mihi
596 1485 661 1511 me
681 1469 889 1511 reddentis
909 1468 1047 1525 agelli,

17 1531 173 1583 ‘Quem
194 1540 237 1574 tu
258 1529 414 1572 fastidis
435 1528 661 1570 habitatum
682 1527 866 1583 quinque
887 1526 1000 1577 focis,
1023 1534 1066 1568 et

18 1586 232 1646 ’Quinque
254 1589 380 1630 bonos
400 1586 565 1630 solitum
586 1585 751 1627 Variam
774 1584 980 1626 dimittere
1001 1592 1136 1640 patres
1148 1599 1159 1634 3

18 1646 264 1697 Certemus,
285 1646 422 1702 spinas
441 1643 631 1686 animone
653 1657 732 1696 ego
753 1642 908 1692 fortius,
931 1657 982 1683 an
1004 1649 1051 1684 tu

33 1702 200 1747 Evellas
218 1718 318 1761 agro
330 1719 342 1753 3
373 1711 415 1744 et
434 1700 578 1742 melior
596 1699 649 1742 sit
671 1699 883 1750 Horatius,
905 1715 956 1741 an
978 1714 1056 1741 res.
1257 1703 1284 1741 5

35 1759 113 1807 Me
133 1761 318 1818 quamvis
340 1758 496 1802 Lamiae
516 1758 646 1815 pietas
667 1765 709 1800 et
729 1772 825 1800 cura
843 1765 1036 1808 moratur,

37 1816 223 1863 Fratrem
243 1817 461 1867 maerentis,
483 1823 600 1871 rapto
620 1815 671 1856 de
692 1815 815 1857 fratre
837 1814 1013 1857 dolentis

0 1921 1 1933 χ
37 1874 324 1926 Insolabiliter,
345 1882 482 1917 tamen
504 1873 608 1915 istuc
626 1887 743 1915 mens
762 1872 1005 1928 animusque

68 1942 148 1985 ert,
171 1942 214 1976 et
232 1941 342 1976 amat
359 1931 500 1987 spatiis
519 1929 722 1972 obstantia
740 1945 931 1987 rumpere
953 1930 1138 1972 claustra.

81 2007 152 2034 ure
172 2006 252 2048 ego
272 1990 492 2038 viventem,
511 1995 556 2030 tu
576 1987 675 2030 dicis
694 1987 737 2029 in
760 1987 860 2029 urbe
882 1987 1072 2030 beatum:
1233 1989 1284 2028 lo

20 2064 21 2071 ¹
77 2049 119 2092 ui
138 2049 272 2106 placet
291 2046 471 2096 alterius,
493 2060 566 2088 sua
584 2045 776 2087 nimirum
798 2052 861 2087 est
881 2045 974 2087 odio
994 2059 1093 2087 sors.

116 2107 196 2149 ltus
217 2114 390 2161 uterque
410 2103 546 2146 locum
564 2102 812 2145 immeritum
834 2110 1021 2144 causatur
1041 2102 1206 2158 inique3

65 2212 67 2214 ¹
109 2163 229 2221 culpa
251 2171 313 2205 est
331 2161 503 2211 animus,
526 2160 598 2216 qui
618 2175 661 2202 se
681 2175 765 2202 non
785 2159 932 2217 effugit
951 2174 1145 2216 unquam.

19 2224 43 2269 ¹.
81 2238 108 2266 u
126 2221 391 2266 mediastinus
411 2218 532 2261 tacita
553 2232 674 2274 prece
694 2233 789 2259 rura
806 2217 999 2273 petebas3

82 2295 163 2323 unc
182 2279 326 2321 urbem
347 2286 389 2319 et
407 2276 524 2318 ludos
545 2283 586 2317 et
606 2275 752 2317 balnea
770 2275 930 2316 villicus
951 2282 1089 2331 optas:
1231 2278 1282 2316 15

36 2359 40 2364 ·
67 2343 69 2345 ’
93 2353 117 2380 e
137 2344 319 2381 constare
339 2333 438 2377 mihi
458 2333 549 2384 scis,
572 2340 615 2375 et
634 2332 843 2375 discedere
864 2332 1034 2383 tristem,
