1390 2586
1335 0 1375 59 ’Ἰ

1364 62 1371 86 3

132 112 217 153 200
559 115 923 147 INTERPRETATIO.
1225 117 1348 159 [amn
1366 99 1390 122 '⁷

175 211 267 247 4—7.
292 210 413 250 [iterum
438 210 550 252 Tauro]
575 213 610 243 Τ.
635 213 751 243 Statilio
767 215 867 244 Tauro
889 215 932 246 11.
947 224 1016 246 cum
1031 217 1168 254 Augusto
1183 217 1272 246 vm.
1287 227 1345 248 cos.

136 262 166 282 Α.
177 262 243 283 u.c.
259 254 329 289 728.
341 272 379 276 —
393 252 532 293 [dzffltsa]
546 265 583 284 ex
595 256 682 284 doliis
697 256 728 284 in
742 257 840 294 cados,
854 258 934 287 unde
948 260 1055 288 doliari
1068 259 1230 297 opponitur
1242 258 1353 291 irinum>

134 296 281 334 dtffusum.
326 297 437 325 Vinum
460 297 552 334 igitur
575 298 631 327 hoc
649 303 713 327 erat
736 298 869 337 quinque
893 309 1052 336 annorum,
1073 311 1128 339 pro
1150 301 1254 331 Italico
1276 302 1347 335 satin

133 347 247 374 recens,
259 339 301 367 ita
315 344 426 372 tamen,
441 344 473 367 ut
487 340 518 368 in
530 339 658 378 simplici
669 341 758 370 domo
767 341 831 370 sine
845 342 944 372 nimiae
959 343 1150 381 parcimoniae
1166 354 1200 373 ac
1214 345 1353 378 sordiumj'

132 381 364 418 reprehensione
374 381 506 410 convivis
518 382 628 420 apponi
640 389 747 420 posset.
790 384 962 420 Minturnae,
979 386 1188 415 Auruncorum
1203 387 1353 424 oppidum}

132 423 171 451 ad
185 423 261 451 ostia
279 423 354 452 Liris
369 424 408 458 fl.‚
428 433 446 452 a
465 433 525 461 quo
547 425 684 454 Sinuessa
707 426 834 454 distabat
858 434 902 456 lx.
919 437 959 456 m.
975 437 1004 466 p.
1048 429 1187 458 Petrinus
1203 438 1288 457 mons
1302 433 1348 460 est

135 465 325 494 Sinuessanae
340 466 453 494 civitati
475 466 636 496 imminens
657 468 703 496 vel
725 477 796 505 ager
818 469 966 498 Sinuessae
987 470 1110 500 vicinus.
1135 471 1239 500 Comm.
1260 471 1346 510 Cruq.

135 507 235 536 Hodie
251 509 347 537 Rocca
367 509 398 537 di
420 513 513 537 monte
532 509 656 548 Ragoni.
690 510 904 540 Sinuessanum
927 517 1026 541 autem
1049 512 1151 541 vinum
1174 511 1348 543 melioribus

133 549 397 584 adnumerabatur,
415 560 474 578 non
490 557 589 579 tamen
605 551 736 590 optimis,
749 552 886 588 Falerno,
898 554 1036 588 Caecubo,
1049 555 1162 590 Setino,
1178 555 1354 585 Formiana>

135 591 283 629 (Martial.
303 591 350 628 13,
368 592 422 622 lll
442 599 470 621 et
489 591 572 631 113.)
588 610 630 614 —
646 592 713 634 [Si]
731 595 739 609 ‘
753 595 783 623 Si
799 595 872 633 quid
893 597 1000 625 melius
1016 596 1077 625 vini
1099 597 1200 631 babes,
1217 607 1271 636 per
1285 606 1349 626 ser-

133 634 236 662 vulum
259 635 295 663 ad
319 644 366 663 me
388 635 574 664 afferendum
590 637 680 666 cura!
723 638 879 667 Arcessere
894 648 954 668 rem
967 645 1046 668 recte
1062 639 1120 668 dici
1136 645 1216 677 patet
1233 649 1269 669 ex
1285 639 1347 669 Cic.

133 676 172 705 ad
189 678 249 706 Att.
268 677 314 712 16,
337 677 384 712 ll,
399 676 462 715 ejus
484 678 590 707 librum
609 681 755 708 arcessivi.
771 696 811 700 —
827 678 994 720 [imperium
1008 679 1077 720 fer]
1102 682 1202 719 ‘quod
1222 681 1254 710 in
1277 691 1349 710 con-

133 718 214 747 vivas
242 719 463 757 quodammodo
491 722 649 749 exercebat
681 721 819 751 dominus
848 723 996 752 convivii!
1011 739 1054 744 —-
1069 721 1216 762 [splendet
1243 720 1356 764 focus]

135 761 226 789 Lares
250 762 301 790 tali
327 762 375 791 die
398 763 592 800 tergebantur
611 765 688 799 cera,
713 764 806 802 fuligo
829 764 886 794 foci
909 767 1111 795 amovebatur.
1126 781 1168 788 —
1184 763 1274 806 [tibi]
1299 766 1350 796 ‘in

131 803 277 832 honorem
293 804 399 832 tuum!

175 845 287 875 8—10.
323 845 445 885 [Mitte]
471 847 614 876 ‘Omissis
639 847 777 877 omnibus
799 849 887 883 curis,
912 859 979 887 quae
1002 850 1099 879 solent
1120 851 1234 887 agitare
1256 850 1350 880 vitam

132 886 298 917 humanam
321 889 398 917 inter
423 899 490 927 spes
511 890 689 927 plerumque
713 889 832 920 fallaces
858 892 1004 921 bonorum
1030 899 1061 921 et
1084 894 1218 922 studium
1242 893 1350 931 opibus

132 929 208 958 alios
223 931 404 968 superandi?
419 947 460 952 --
477 930 623 969 [Moschi]
637 933 654 948 “
667 933 723 961 Hic
741 933 940 970 Pergamenus
955 935 1012 963 fuit
1035 935 1136 963 rhetor
1157 935 1349 970 notissimum

133 981 202 1001 reus
218 973 355 1002 veneficii
371 973 438 1008 fuit,
453 975 537 1012 cujus
552 984 670 1003 causam
693 985 730 1003 ex
754 974 858 1013 primis
881 982 952 1005 tunc
971 982 1103 1006 oratores
1118 982 1254 1014 egerunt,
1272 977 1363 1006 'l‘or-¹

133 1020 241 1051 quatus
258 1015 305 1044 hic
319 1021 350 1044 et
365 1016 488 1045 Asinius
505 1017 628 1046 Pollio.''
651 1017 759 1055 Porph.
804 1018 930 1047 Videtur
945 1024 1008 1047 tota
1022 1018 1080 1048 ista
1095 1029 1183 1048 causa
1197 1020 1364 1058 Torquato1

130 1056 187 1094 ipsi
211 1057 340 1087 difficilis
362 1057 453 1087 fuisse
475 1064 505 1088 et
529 1059 715 1087 molesta.—
729 1057 813 1098 [nato
838 1059 968 1099 Caesare]
993 1061 1042 1090 Sic
1067 1062 1147 1090 nude
1170 1062 1283 1090 dictum
1298 1059 1364 1094 vix}

131 1099 218 1128 aliter
239 1099 368 1138 intelligi
391 1106 488 1138 potest
510 1110 600 1138 quam
626 1110 694 1130 curn
718 1101 833 1130 comm.
857 1103 948 1139 Cruq.
971 1103 1008 1131 de
1035 1103 1083 1132 die
1106 1104 1199 1132 natali
1223 1103 1363 1133 Caesaris*

134 1141 276 1178 Augusti,
296 1143 346 1180 qui
368 1143 473 1171 incidit
497 1143 527 1171 in
547 1151 613 1172 xxv.
631 1143 697 1172 Kal.
715 1145 833 1173 Octobr.
851 1144 906 1182 (23
921 1145 949 1174 d.
967 1144 1114 1183 Sept.)——
1127 1143 1206 1184 [Dat
1219 1143 1351 1184 veniam]

132 1188 162 1212 et
178 1192 299 1221 propter
314 1184 444 1221 Augusti
461 1184 575 1214 natales
591 1191 621 1214 et
635 1186 706 1223 quia
722 1192 785 1214 erat
802 1185 848 1224 (ut
863 1192 908 1216 est
922 1187 953 1215 in
971 1186 1043 1216 Kal.
1062 1188 1143 1217 Maff.
1161 1188 1181 1217 l.
1197 1189 1215 1217 1.
1232 1198 1260 1226 p.
1276 1188 1350 1223 398,

130 1231 161 1254 et
174 1235 203 1263 p.
218 1223 293 1263 407)
311 1226 348 1256 Ν.
367 1228 398 1256 P.
416 1226 467 1265 (z
481 1227 612 1256 nefastus
627 1226 740 1266 prior);
764 1228 863 1266 priore
883 1229 977 1267 igitur
999 1229 1059 1258 diei
1079 1235 1163 1268 parte
1181 1230 1233 1268 jus
1253 1229 1312 1259 dici
1331 1239 1352 1260 a

130 1273 258 1306 praetore
273 1278 332 1297 non
348 1274 474 1307 poterat.

175 1310 305 1339 11—15.
330 1309 485 1350 [benigno]
510 1313 518 1327 ‘
530 1313 624 1340 multo
639 1318 670 1341 et
683 1311 799 1341 liberali
815 1318 844 1341 et
865 1313 960 1343 faceto
975 1315 1129 1344 extendere
1143 1311 1193 1353 (ut
1207 1323 1244 1343 ex
1259 1314 1350 1352 gloss.

131 1351 245 1380 habent
274 1354 359 1383 codd.
390 1353 493 1391 multi)
510 1364 517 1382 :
554 1354 586 1382 id
614 1359 669 1389 est,
699 1364 795 1392 usque
823 1355 860 1384 ad
889 1357 953 1394 ejus
982 1356 1074 1385 finem
1101 1356 1245 1394 exigere.'
1301 1356 1350 1386 Sic

131 1392 248 1424 τείνειν
270 1393 441 1425 νύπτα.-
457 1394 539 1434 [Quo
561 1398 632 1425 mihi
644 1394 808 1434 fortunam,
829 1395 870 1437 si]
895 1398 988 1427 Solita
1011 1404 1055 1427 est
1077 1398 1141 1427 haec
1158 1398 1273 1428 Latinis
1296 1408 1350 1428 ex-

130 1437 278 1472 clamatio,
294 1438 376 1467 velut
390 1444 511 1476 propter
525 1439 675 1476 loquentis
695 1439 914 1477 impatientiam
935 1449 969 1469 ac
992 1440 1224 1476 festinationem,
1240 1441 1350 1470 omisso

131 1480 222 1508 verbo
245 1484 346 1517 optem,
371 1491 522 1519 quaeramt
545 1491 610 1520 quo,
634 1481 694 1510 dat.
709 1481 804 1519 antiq.
818 1483 894 1520 quoi,
910 1484 918 1498 ‘
930 1481 1094 1519 quorsum.’
1131 1483 1218 1512 Ovid.
1236 1483 1303 1512 Am.
1318 1483 1349 1517 2,

133 1520 181 1556 19,
197 1520 226 1556 7,
245 1523 308 1554 Quo
321 1524 392 1552 mihi
398 1521 562 1561 fortunam,
579 1533 643 1562 quoe
657 1534 802 1562 nunquam
807 1522 917 1562 fallere
931 1529 1013 1554 curet
1023 1526 1038 1554 ἲ
1082 1525 1127 1553 De
1144 1524 1255 1554 divitiis
1269 1530 1350 1554 certe

133 1563 252 1593 Horatii
268 1565 398 1602 aequales
414 1565 631 1602 intelligebant,
654 1575 714 1594 non
737 1571 770 1594 ut
789 1566 989 1595 recentiorum
1011 1567 1158 1602 nonnulli,
1182 1567 1220 1596 de
1238 1576 1349 1605 oppor-

131 1606 206 1635 tuna*⁴
235 1607 357 1635 laetandi
386 1608 548 1637 occasione.
562 1623 603 1628 —-
617 1605 754 1646 [Assidet
781 1606 899 1647 insano]
931 1610 939 1624 ‘
953 1608 1048 1640 Quasi
1081 1609 1216 1638 consulto
1249 1610 1350 1638 locum

129 1654 255 1686 occupat
278 1649 384 1678 insano
411 1649 593 1687 proximum,
617 1650 745 1687 ideoque
771 1650 799 1678 ei
825 1648 1067 1689 παραπλήσιος,
1090 1651 1259 1680 simillimus
1285 1651 1351 1681 est!

133 1689 199 1718 Hac
212 1691 326 1728 tropica
341 1691 559 1728 significatione
575 1691 693 1721 videtur
707 1688 798 1726 ἅπαξ
811 1691 845 1722 λε
871 1691 998 1732 όμενον,
1015 1693 1175 1722 formatum
1192 1694 1231 1722 ad
1245 1694 1349 1722 analo-

129 1731 211 1769 giam
228 1741 256 1761 V.
272 1734 414 1763 dissidere
429 1735 467 1763 ab
481 1735 639 1772 aliquo.—-
653 1732 847 1772 [inconsultus
889 1737 906 1751 “
920 1735 979 1767 Qui
994 1735 1116 1764 liberius
1133 1740 1163 1764 et
1178 1735 1360 1765 dissolutius

130 1783 163 1802 se
178 1773 290 1803 laetitiae
306 1776 437 1810 tradunt,
450 1776 506 1814 ipsi
522 1786 552 1804 se
560 1774 665 1813 furere
681 1774 753 1815 (Od.
765 1777 794 1812 2,
810 1776 839 1812 7,
854 1775 921 1815 28),
936 1779 1067 1816 desipere
1083 1777 1156 1817 (Od.
1169 1777 1199 1813 4,
1218 1777 1266 1813 12,
1281 1776 1348 1815 28),

133 1816 293 1856 (μανῆναι
311 1818 508 1847 Pseudanacr.
527 1818 574 1853 13,
593 1816 656 1858 12),
673 1819 749 1848 velle
763 1819 879 1848 aiunt.”
923 1821 1065 1858 Doering.

177 1858 307 1888 16—20.
331 1858 497 1900 [designat]
537 1862 692 1899 designare
721 1861 940 1896 ‘constituere,’
969 1862 1094 1891 deinde:
1137 1862 1351 1891 ‘constitutum

132 1902 269 1940 exsequi,
294 1908 412 1940 patrare
426 1903 443 1937 ς’
467 1912 526 1940 quo
550 1912 606 1931 usu
630 1903 784 1932 invenitur
811 1904 891 1942 apud
908 1905 1029 1933 Terent.
1047 1905 1103 1933 Ad.
1129 1903 1156 1939 l,
1179 1904 1209 1940 2,
1233 1903 1261 1939 7,
1284 1914 1352 1934 nam

131 1944 194 1979 illa,
210 1953 274 1983 quae
295 1949 363 1974 ante
378 1946 432 1974 Ιιαε
441 1943 530 1981 sacta
544 1949 622 1979 sunt,
640 1946 748 1975 Omitto
758 1957 768 1975 .·
790 1947 871 1975 modo
885 1947 957 1985 qnid
970 1947 1160 1985 designavit!
1182 1946 1233 1975 ubi
1250 1947 1351 1975 Dona-

132 1991 199 2014 tus:
232 1989 239 2002 ⁴
253 1987 406 2024 designare
431 1993 476 2015 est
501 1997 564 2016 rem
591 1997 698 2016 novam
726 1986 830 2026 (atque
862 1987 1026 2026 insignem)
1055 1988 1151 2017 facere
1177 1987 1208 2017 in
1235 1994 1350 2018 utram-

132 2037 191 2065 que
206 2035 333 2066 partem,
354 2034 384 2058 et
399 2031 506 2058 bonam
527 2035 556 2058 et
577 2030 707 2058 malam!
752 2030 807 2059 Est
826 2031 936 2067 igitur:
962 2031 1177 2059 ‘Confidenter
1198 2030 1298 2059 ebrius
1321 2035 1352 2060 et

132 2070 224 2099 sentit
249 2076 279 2099 et
300 2070 380 2106 facit,
408 2081 475 2109 quae
497 2072 591 2100 siccus
615 2071 664 2100 vix
688 2070 1038 2112 auderet.’—[Operta]
1061 2078 1190 2102 secretos
1211 2077 1241 2101 et
1265 2081 1351 2102 veros

130 2121 235 2141 sensus
250 2114 381 2142 convivae
396 2113 499 2152 ipsius,
515 2114 566 2151 qui
582 2114 655 2142 alias
675 2123 725 2143 eos
748 2114 907 2144 difficulter
928 2125 995 2144 curn
1019 2115 1085 2144 aliis
1107 2113 1352 2144 communicaret.

131 2153 338 2194 —[inertem]
364 2156 468 2186 “alias
489 2156 632 2193 ignavum
654 2166 687 2185 ac
710 2157 847 2185 timidum
861 2157 891 2191 ;”
914 2155 999 2195 (Tac.
1018 2156 1094 2186 Hist.
1120 2157 1146 2191 l,
1170 2155 1221 2191 46,
1245 2156 1352 2186 Iners

128 2206 184 2234 pro
205 2201 351 2227 strenuo
376 2199 407 2227 in
429 2199 606 2236 manipulum
621 2197 760 2236 redibat.)
774 2215 813 2219 —
828 2196 965 2238 [addocet
988 2196 1083 2238 artes]
1106 2198 1209 2236 poesin
1232 2203 1262 2227 et
1287 2199 1351 2227 elo-

132 2239 295 2276 quentiam,
313 2241 384 2269 (lum
400 2241 511 2270 excitat
526 2240 692 2277 ingenium.
703 2257 744 2262 —
758 2239 920 2280 [Fet-andi]
945 2243 953 2257 ‘
965 2241 1075 2279 copiosi
1099 2246 1128 2270 et
1151 2241 1351 2276 abundantes,

133 2281 184 2319 qui
198 2291 315 2319 semper
326 2292 344 2311 a
356 2282 506 2320 pincernis
518 2281 958 2322 repleantur.'—[Contractd]
977 2285 984 2299 ‘
994 2284 1083 2318 arcta,
1095 2282 1243 2319 angusta!
1257 2283 1351 2312 Schol-

130 2338 169 2345 —
184 2320 339 2364 [solutum]
362 2325 371 2340 ‘
383 2326 420 2354 ab
435 2325 574 2355 omnibus
589 2325 648 2354 illis
662 2326 747 2363 quasi
762 2325 900 2362 vinculis,
916 2325 1118 2364 quibuscum
1135 2334 1189 2354 nos
1203 2324 1351 2355 onerant.'
