1390 2586
0 95 1 126 ᾗ
58 79 139 131 Ψωι.
153 91 237 136 ιι]
500 90 874 123 mTERPRETA’rio.
1221 86 1300 130 197

70 196 177 231 ‘Quid
196 193 283 237 ugit!
305 193 354 224 dic
376 191 470 227 mihi;
492 192 570 222 scire
593 191 675 222 enim
700 192 799 231 cupio,
823 201 883 231 quo
910 201 957 221 res
980 192 1045 230 ejus
1068 190 1128 221 sint
1149 190 1243 227 loco3’
1270 197 1304 221 ut

70 240 143 281 ,ιω
163 241 239 280 “83⁸²
258 236 424 268 dulcissime
445 237 570 266 rerum?
594 234 672 275 (Sat.
698 236 726 272 l,
749 236 779 269 9,
803 235 847 273 4.)
872 235 936 265 Cic.
952 235 990 265 ad
1008 236 1071 264 Att.
1088 235 1117 271 8,
1133 234 1164 267 8,
1185 236 1230 265 At
1254 235 1306 265 ille

70 282 286 322 tib—pergit
313 280 519 310 Brundisium.
549 279 660 309 Catuli.
685 279 736 314 24,
760 279 793 312 4,
820 279 943 309 Mallem
968 279 1090 308 divitias
1112 279 1153 307 mi
1174 278 1306 308 dedisses

69 321 333 366 lna—[Celeus]
367 321 502 352 Videtur
530 332 602 352 sane
632 323 714 352 idem
743 331 812 352 cum
841 322 931 351 Celso
962 321 1162 356 Albinovano,
1193 321 1304 351 comite

70 367 270 403 Albinovano,
294 366 403 396 comite
423 366 582 404 scribitque
599 365 740 402 Neronis,
762 365 801 394 ad
823 375 914 404 quem
929 364 1013 394 misit
1030 364 1197 403 Epistolam
1212 364 1305 403 hujus

69 411 142 443 Μ
161 416 306 442 octavarii.
352 409 496 439 Diversus
520 410 626 448 utique
649 414 694 438 est
720 410 758 438 ab
780 409 815 438 A.
833 408 974 438 Cornelio
990 408 1090 443 Celso,
1116 407 1306 437 medicorum

71 453 227 491 merone,
248 462 339 492 quem
357 452 561 482 Horatianum
583 451 675 482 fuisse
691 452 811 482 volebat
827 451 1073 482 Bianconius.—
1084 448 1242 491 [monitus]
1267 452 1275 466 ‘
1287 460 1306 480 a

68 506 122 529 ιο
139 499 205 537 ,Ῐιω
226 503 328 534 antea,
354 506 448 534 quum
467 496 572 526 Romae
595 505 655 525 una
678 495 834 524 essemus.’
879 495 966 524 Idem
991 494 1053 523 fere
1074 494 1182 533 juveni
1207 493 1306 524 amico

68 541 224 576 manat,
239 541 321 579 quod
334 539 492 569 Pisonibus
507 539 539 568 in
554 540 590 569 A.
602 539 635 569 Ρ.
653 538 722 574 134,
735 539 801 568 Nec
814 539 933 568 verbum
948 539 1034 568 verbo
1048 539 1168 567 curabis
1182 538 1306 568 reddere

60 582 144 624 βω
168 583 329 622 Inter-pres,
351 593 404 613 nec
428 583 548 613 desilies
566 583 698 612 imitator
716 583 747 612 in
771 583 895 612 artum!
918 581 988 614 Quo
1014 581 1089 620 quid
1114 581 1308 611 innocentius

68 626 136 659 bri
150 626 292 666 poterat?

113 668 246 706 17—20.
270 667 464 710 [Palatinus]
488 668 523 697 In
539 669 653 707 templo
669 668 819 707 Apollinis
836 666 966 697 Palatini
982 667 1169 697 Octavianus
1186 675 1216 696 Α.
1231 675 1262 697 u.
1276 675 1305 697 e.

69 711 143 750 ⁶126,
158 713 335 744 condiderat
351 712 564 742 bibliothecam
580 712 749 741 Palatinam
765 711 928 750 publicam,
953 712 1039 749 cujus
1054 710 1170 749 primus
1186 715 1308 740 curator

67 755 129 788 fuit
143 756 176 787 C.
194 756 295 786 Julius
318 752 717 794 Hyginus—[cornicula]
743 755 823 784 Nota
844 754 954 784 fabella
975 754 1100 793 AEsopia
1124 752 1259 793 (Phaedr.
1278 753 1307 790 l,

69 798 101 836 8,
117 799 169 830 ubi
184 809 239 838 pro
253 799 372 829 cornice
386 804 431 828 est
445 799 586 836 graculus
598 796 622 837 :)
646 798 725 827 hanc
744 798 928 828 sententiam
945 797 1114 836 expressit:
1136 797 1146 813 ‘
1159 807 1197 827 ne
1219 796 1308 827 facile

68 842 171 872 omnis
185 843 278 872 lector
294 841 453 881 perspiciat
468 842 591 872 Celsum
612 841 645 870 in
665 842 835 878 sententiis,
858 841 1054 878 imaginibus,
1081 840 1213 879 totisque
1228 841 1306 870 adeo

71 885 147 916 lotia
168 885 319 916 imitatum
342 895 417 921 esse,
442 885 598 914 interdum
625 891 744 914 tantum
770 884 802 914 in
828 885 970 914 Latinum
995 883 1181 914 convertisse
1203 889 1308 923 poetas

73 929 218 959 Grecos!
229 944 272 950 —
283 925 459 968 [coloribus]
483 928 492 944 ‘
504 927 616 966 plumis
629 927 782 958 variorum
796 927 955 957 colorum.'
979 928 1073 957 Schol.

115 971 250 1003 21—25.
273 969 520 1012 [circumvolitas]
543 971 585 1000 Ut
609 981 688 1010 saepe
709 978 808 1010 poetae
829 970 936 1010 apibus
957 974 1171 1010 comparantur
1186 968 1260 1010 (Od.
1276 969 1308 1007 4,

70 1015 104 1052 2,
119 1013 187 1055 27),
201 1014 244 1044 sic
258 1015 314 1045 bac
329 1014 462 1053 imagine
480 1015 735 1044 circumvolitandi
755 1020 846 1052 atque
869 1015 1020 1053 agilitatis
1042 1013 1194 1052 significat
1216 1014 1309 1043 modo

64 1058 148 1094 hae,
171 1058 261 1088 modo
286 1057 338 1088 illa
359 1058 528 1088 carminum
551 1067 665 1096 genera
685 1067 703 1087 a
719 1058 810 1087 Floro
835 1063 951 1087 tentata
977 1067 1053 1092 esse,
1077 1067 1150 1086 sane
1174 1062 1208 1086 ut
1233 1066 1310 1096 opus

67 1101 298 1138 mandarium,
312 1101 360 1131 cui
376 1111 430 1140 per
445 1101 534 1131 horas
548 1101 720 1130 subsecivas
735 1106 875 1130 vacaret:
901 1110 971 1130 nam
986 1100 1138 1130 severiora
1154 1100 1255 1129 studia
1270 1100 1311 1130 ad

67 1144 279 1184 eloquentiam
307 1144 458 1174 forensem
485 1149 516 1174 et
538 1145 590 1183 jus
620 1143 708 1174 civile
737 1141 1147 1183 converterat.—-[hirtum]
1173 1143 1216 1172 Ut
1238 1153 1312 1181 ager

66 1186 206 1218 incultus
233 1187 402 1223 hirtus'fit,
426 1187 504 1217 filice
529 1187 733 1227 vepribusque
761 1188 933 1223 obducitur,
963 1186 1005 1216 sic
1033 1187 1194 1224 ingenium
1222 1186 1312 1216 bonis

69 1230 189 1262 artibus
204 1240 265 1260 nou
279 1230 445 1267 excultum,
470 1230 504 1259 fit
522 1231 599 1260 rude
619 1236 650 1260 et
671 1231 827 1260 hebes.—
839 1227 956 1271 [acuis]
980 1230 1203 1269 significantius
1218 1239 1312 1268 quam

73 1273 267 1314 ‘praeparas’
295 1274 359 1304 Cic.
376 1273 460 1303 Brut.
475 1273 527 1309 97,
547 1274 592 1304 Tu
607 1275 638 1303 in
647 1271 752 1312 forum
774 1284 896 1304 veneras
919 1283 1004 1308 unus,
1026 1275 1077 1313 qui
1098 1283 1154 1303 non
1177 1274 1312 1312 linguam

59 1315 156 1348 *nodo
175 1317 309 1348 mser
318 1318 532 1347 'exercitatione
550 1318 679 1352 dicendi,
693 1318 744 1358 «ξε.
755 1333 798 1338 -
810 1315 921 1356 [civica
938 1315 1015 1355 jura
1038 1314 1231 1356 respondere]
1256 1326 1312 1355 pro

75 1359 212 1398 vulgari:
227 1358 284 1399 jus
305 1360 391 1390 civile
409 1360 593 1399 respondere,
610 1359 704 1398 (Plin.
722 1360 802 1399 Epp.
818 1360 848 1395 6,
868 1357 933 1398 15,)
950 1365 979 1389 et
994 1358 1111 1399 dejure
1126 1360 1312 1398 respondere.

71 1401 271 1443 —[amabile
284 1401 416 1442 carmen]
440 1401 575 1443 ἐρωτικὰ
599 1409 673 1442 puto
695 1408 726 1432 et
748 1399 1000 1444 ovptrroruca‘.—
1013 1400 1162 1442 [hederae]
1187 1402 1313 1441 Proprie

69 1445 205 1476 refertur
219 1446 258 1476 ad
278 1446 426 1485 poeticam
448 1446 623 1476 facultatem
645 1452 768 1486 propter
785 1446 950 1481 Bacchum,
972 1446 1024 1484 qui
1042 1446 1174 1475 Pindaro
1190 1445 1314 1484 Dithyr.

67 1488 126 1520 fr.
141 1489 172 1526 3,
187 1488 218 1525 7,
233 1495 278 1519 est
300 1486 489 1525 κισσοδέτας
510 1487 594 1525 θεός.
628 1487 704 1528 (Od.
720 1489 748 1526 1,
767 1489 795 1525 1,
811 1488 878 1528 29.)
913 1489 994 1518 Tum
1017 1499 1071 1528 per
1091 1498 1221 1526 zeugma
1242 1499 1314 1528 per-

68 1531 154 1563 fluet
166 1532 260 1562 etiam
275 1533 314 1562 ad
328 1538 429 1562 cetera
444 1532 526 1563 Flori
541 1532 652 1570 studia,
668 1532 700 1562 in
715 1532 825 1571 quibus
840 1532 981 1562 omnibus
996 1541 1068 1562 eum
1083 1532 1197 1572 primas
1212 1539 1315 1571 partes

72 1573 208 1606 laturum
223 1576 391 1614 pollicetur.

118 1617 252 1649 26—28.
276 1616 425 1659 [Frigida
449 1629 588 1649 curarum
604 1616 757 1658 fomenta]
782 1619 888 1648 Unum
904 1617 1012 1648 vitium
1037 1617 1069 1647 in
1096 1618 1194 1647 amico
1219 1618 1314 1648 libere

74 1661 283 1700 reprehendit,
297 1662 380 1701 quod
394 1662 420 1691 is
434 1672 566 1700 quoque,
582 1668 616 1692 ut
631 1662 796 1700 aequalium
813 1661 961 1701 plerique,
978 1661 1073 1690 nimio
1087 1661 1164 1691 lucri
1185 1667 1215 1691 et
1231 1671 1315 1700 quae-

74 1705 141 1737 aas
154 1705 256 1735 studio
269 1704 456 1743 indulgebat.
482 1705 627 1735 Curarum
633 1703 770 1744 fomenta
786 1705 815 1735 h.
829 1705 848 1734 1.
864 1705 1024 1734 manifesto
1035 1710 1107 1734 sunt
1119 1714 1155 1734 ea
1170 1703 1316 1741 fomenta,

64 1757 146 1787 -quae
168 1757 248 1778 curae
264 1748 355 1778 Floro
377 1747 550 1787 imponunt,
574 1748 606 1777 id
629 1754 684 1785 est,
711 1748 849 1788 pecuniae
875 1747 1026 1787 cupiditas
1051 1753 1144 1786 atque
1170 1748 1316 1783 ambitio;

75 1790 126 1822 he
138 1797 243 1821 nutem
255 1791 414 1830 paullatim
429 1788 611 1831 refrigerant
625 1802 660 1821 ac
676 1792 831 1821 retardant
845 1792 970 1830 spiritus
985 1791 1204 1829 generosiores,
1222 1791 1317 1821 hebe-

76 1838 144 1864 tant
158 1834 326 1873 ingenium,
350 1834 537 1864 imminuunt
551 1835 701 1874 poeticam
716 1835 902 1864 facultatem.
915 1850 957 1856 —-
970 1831 1169 1874 [relinquere]
1196 1835 1204 1850 ‘
1219 1834 1276 1863 His
1299 1844 1319 1864 a

77 1877 178 1912 curin:
193 1877 304 1916 inquit,
320 1877 364 1906 ‘si
378 1877 507 1907 liberare
524 1883 552 1907 te
567 1887 680 1916 posses,
706 1878 783 1907 nihil
802 1879 868 1916 jam
887 1883 916 1908 te
933 1878 1105 1917 impediret,
1130 1887 1192 1916 quo
1215 1878 1317 1907 minus

75 1920 205 1950 coeleetis
227 1919 374 1959 (maxime
396 1919 538 1950 sublimia
559 1930 689 1960 quaeque
712 1921 884 1960 appetentis
908 1926 1082 1959 terramque
1106 1919 1318 1959 despicientis)

42 1988 43 1993 ,
77 1962 278 2003 philosopltiae
302 1963 462 2002 praeceptis
486 1962 842 2005 satisfaceres.'—[Hoc
867 1963 955 2005 opus]
978 1963 1157 2004 sapientiae;
1186 1974 1258 2003 opus
1279 1963 1321 1994 ad

63 2006 240 2046 (actionem,
254 2007 384 2036 studium
401 2007 439 2036 ad
454 2004 592 2047 θεωρίαν
606 2006 745 2037 refertur.

46 2083 47 2086 Ἰ
64 2064 79 2077 ,·
120 2048 257 2080 30—32.
281 2047 323 2089 [si
338 2050 394 2079 libi
406 2047 500 2088 σανα]
526 2050 603 2089 Epp.
623 2050 650 2086 l,
665 2050 695 2086 6,
712 2050 762 2087 41,
778 2051 813 2080 Sa·
822 2054 1112 2090 posset—rogatus.
1145 2050 1224 2088 Epp.
1242 2050 1271 2089 1,
1286 2049 1318 2086 7,

39 2091 132 2135 giss,
146 2093 274 2132 Inspice,
289 2093 316 2122 si
326 2102 452 2131 possum.
465 2108 507 2114 ·—
518 2090 680 2132 [Quantoe]
706 2094 826 2129 ‘tantae‚
849 2099 972 2132 quantae
993 2103 1063 2122 eum
1087 2092 1143 2122 tibi
1158 2103 1238 2122 curae
1253 2103 1319 2123 esse

43 2135 260 2175 ‘xqbnveniatl
272 2151 315 2156 —
327 2133 517 2175 [Munatius]
542 2136 622 2166 filius
644 2136 771 2166 fortasse
788 2137 823 2167 L.
842 2137 974 2166 Munatii
999 2136 1101 2166 Planci
1120 2146 1179 2166 cos.
1195 2144 1226 2166 A.
1243 2144 1275 2166 U.
1289 2145 1319 2166 c.

56 2175 152 2221 ffffllss
176 2177 251 2218 (Od.
276 2179 303 2214 l,
327 2176 528 2218 7.)—[male
553 2176 652 2218 sarta]
677 2180 782 2218 Imago
805 2181 966 2219 desumpta
990 2189 1007 2208 a
1030 2180 1156 2209 vulnere
1178 2179 1247 2209 ideo
1270 2190 1320 2209 re-

59 2221 181 2267 s‘fflflso.
193 2221 266 2260 quia
280 2223 345 2261 ejus
361 2221 514 2260 margines
529 2232 590 2251 non
607 2228 686 2252 recte
699 2228 831 2252 consutae
847 2229 918 2252 sunt
934 2232 951 2251 a
966 2222 1118 2260 chirurgo.
1128 2239 1171 2244 -
1181 2220 1321 2262 [nequid-

55 2263 63 2310 't
82 2263 87 2265 Α
168 2262 183 2305 ]
207 2265 330 2295 ‘itaut
355 2265 482 2300 curatio,
510 2275 602 2303 quam
624 2267 884 2305 exspectabamus.
909 2266 1019 2295 effectu
1041 2264 1319 2306 careat.’—[coit]

176 2307 206 2344 8,
225 2307 274 2346 10,
286 2311 384 2347 potest
398 2310 434 2338 ed
448 2310 561 2338 ratione
581 2312 610 2338 et
633 2319 664 2338 os
684 2310 762 2339 coire
782 2313 811 2340 et
829 2310 934 2339 vulnus
954 2319 1115 2339 sanescere.
1127 2326 1168 2331 —
1179 2307 1238 2349 [At
1254 2307 1318 2349 vos]

69 2346 188 2385 §mm
203 2351 300 2391 magis
316 2351 433 2389 timeat,
454 2361 492 2382 ne
508 2351 600 2382 etiam
617 2361 699 2381 nunc
719 2352 799 2382 inter
814 2362 846 2382 se
862 2353 1015 2383 discordes
1030 2351 1102 2390 sint,
1123 2353 1256 2392 graviter
1271 2362 1323 2382 eos
