<?xml version="1.0" encoding="UTF-8"?>
<!DOCTYPE html PUBLIC "-//W3C//DTD XHTML 1.0 Transitional//EN"
    "http://www.w3.org/TR/xhtml1/DTD/xhtml1-transitional.dtd">
<html xmlns="http://www.w3.org/1999/xhtml" xml:lang="en" lang="en">
 <head>
  <title>
</title>
<meta http-equiv="Content-Type" content="text/html;charset=utf-8" />
  <meta name='ocr-system' content='tesseract 3.04.00' />
  <meta name='ocr-capabilities' content='ocr_page ocr_carea ocr_par ocr_line ocrx_word'/>
</head>
<body>
  <div class='ocr_page' id='page_1' title='image "./eclogaehoratiana02horauoft_0144.png"; bbox 0 0 1390 2586; ppageno 0'>
   <div class='ocr_carea' id='block_1_1' title="bbox 151 97 1390 143">
    <p class='ocr_par' dir='ltr' id='par_1_1' title="bbox 151 97 1390 143">
     <span class='ocr_line' id='line_1_1' title="bbox 151 97 1390 143; baseline -0.008 -10"><span class='ocrx_word' id='word_1_1' title='bbox 151 97 230 139; x_wconf 87' lang='lat'>136</span> <span class='ocrx_word' id='word_1_2' title='bbox 581 97 946 131; x_wconf 67' lang='lat' dir='ltr'>mrmu’ammlo.</span> <span class='ocrx_word' id='word_1_3' title='bbox 1282 100 1373 143; x_wconf 59' lang='lat' dir='ltr'>[um</span> <span class='ocrx_word' id='word_1_4' title='bbox 1388 121 1390 123; x_wconf 84' lang='lat'>.</span> 
     </span>
    </p>
   </div>
   <div class='ocr_carea' id='block_1_2' title="bbox 126 195 1390 2352">
    <p class='ocr_par' dir='ltr' id='par_1_2' title="bbox 126 195 1390 526">
     <span class='ocr_line' id='line_1_2' title="bbox 126 195 1390 239; baseline 0.004 -13"><span class='ocrx_word' id='word_1_5' title='bbox 126 202 129 205; x_wconf 70' lang='grc'><strong>“</strong></span> <span class='ocrx_word' id='word_1_6' title='bbox 148 207 243 227; x_wconf 80' lang='lat' dir='ltr'>omnes</span> <span class='ocrx_word' id='word_1_7' title='bbox 257 207 354 226; x_wconf 81' lang='lat' dir='ltr'>sumus</span> <span class='ocrx_word' id='word_1_8' title='bbox 369 197 525 235; x_wconf 69' lang='lat' dir='ltr'>religiose.</span> <span class='ocrx_word' id='word_1_9' title='bbox 536 212 578 218; x_wconf 89' lang='lat'>—-</span> <span class='ocrx_word' id='word_1_10' title='bbox 591 195 738 237; x_wconf 86' lang='lat' dir='ltr'>[Bolane]</span> <span class='ocrx_word' id='word_1_11' title='bbox 756 200 764 214; x_wconf 83' lang='lat'>⁸</span> <span class='ocrx_word' id='word_1_12' title='bbox 774 197 911 234; x_wconf 84' lang='lat' dir='ltr'>Utinam,</span> <span class='ocrx_word' id='word_1_13' title='bbox 925 208 1027 229; x_wconf 83' lang='lat' dir='ltr'>secum</span> <span class='ocrx_word' id='word_1_14' title='bbox 1047 199 1099 234; x_wconf 77' lang='lat' dir='ltr'>ait.</span> <span class='ocrx_word' id='word_1_15' title='bbox 1123 204 1184 229; x_wconf 88' lang='lat' dir='ltr'>tam</span> <span class='ocrx_word' id='word_1_16' title='bbox 1201 201 1390 239; x_wconf 55' lang='lat' dir='ltr'>cerebrosus„</span> 
     </span>
     <span class='ocr_line' id='line_1_3' title="bbox 150 237 1390 282; baseline 0.004 -14"><span class='ocrx_word' id='word_1_17' title='bbox 150 238 310 279; x_wconf 83' lang='grc' dir='ltr'>(μανικὸς,</span> <span class='ocrx_word' id='word_1_18' title='bbox 333 237 472 276; x_wconf 84' lang='lat' dir='ltr'>choleric)</span> <span class='ocrx_word' id='word_1_19' title='bbox 495 248 601 274; x_wconf 86' lang='lat' dir='ltr'>essem,</span> <span class='ocrx_word' id='word_1_20' title='bbox 625 249 715 277; x_wconf 87' lang='lat' dir='ltr'>quam</span> <span class='ocrx_word' id='word_1_21' title='bbox 738 240 795 269; x_wconf 87' lang='lat' dir='ltr'>fuit</span> <span class='ocrx_word' id='word_1_22' title='bbox 813 240 964 277; x_wconf 84' lang='lat' dir='ltr'>Bolanus,’</span> <span class='ocrx_word' id='word_1_23' title='bbox 989 242 1057 280; x_wconf 88' lang='lat' dir='ltr'>(qui</span> <span class='ocrx_word' id='word_1_24' title='bbox 1079 240 1239 281; x_wconf 79' lang='grc' dir='ltr'>ὀξύχολος</span> <span class='ocrx_word' id='word_1_25' title='bbox 1262 243 1390 282; x_wconf 59' lang='lat' dir='ltr'>nullius3</span> 
     </span>
     <span class='ocr_line' id='line_1_4' title="bbox 147 281 1375 322; baseline 0.004 -12"><span class='ocrx_word' id='word_1_26' title='bbox 147 281 278 320; x_wconf 82' lang='lat' dir='ltr'>ineptias</span> <span class='ocrx_word' id='word_1_27' title='bbox 293 282 418 316; x_wconf 83' lang='lat' dir='ltr'>ferebat,</span> <span class='ocrx_word' id='word_1_28' title='bbox 434 281 486 310; x_wconf 87' lang='lat' dir='ltr'>sed</span> <span class='ocrx_word' id='word_1_29' title='bbox 509 281 610 310; x_wconf 88' lang='lat' dir='ltr'>statim</span> <span class='ocrx_word' id='word_1_30' title='bbox 627 282 673 310; x_wconf 90' lang='lat' dir='ltr'>vel</span> <span class='ocrx_word' id='word_1_31' title='bbox 696 281 727 310; x_wconf 87' lang='lat' dir='ltr'>in</span> <span class='ocrx_word' id='word_1_32' title='bbox 743 282 850 312; x_wconf 80' lang='lat' dir='ltr'>faciem</span> <span class='ocrx_word' id='word_1_33' title='bbox 867 283 1003 321; x_wconf 88' lang='lat' dir='ltr'>quemvis</span> <span class='ocrx_word' id='word_1_34' title='bbox 1018 285 1260 322; x_wconf 84' lang='lat' dir='ltr'>reprehendebat</span> <span class='ocrx_word' id='word_1_35' title='bbox 1274 285 1322 314; x_wconf 83' lang='lat' dir='ltr'>vel</span> <span class='ocrx_word' id='word_1_36' title='bbox 1336 286 1375 316; x_wconf 86' lang='lat' dir='ltr'>de</span> 
     </span>
     <span class='ocr_line' id='line_1_5' title="bbox 148 323 1390 365; baseline 0.003 -12"><span class='ocrx_word' id='word_1_37' title='bbox 148 333 185 353; x_wconf 90' lang='lat' dir='ltr'>eo</span> <span class='ocrx_word' id='word_1_38' title='bbox 208 324 283 362; x_wconf 86' lang='lat' dir='ltr'>quid</span> <span class='ocrx_word' id='word_1_39' title='bbox 308 323 433 352; x_wconf 83' lang='lat' dir='ltr'><strong>sentiret</strong></span> <span class='ocrx_word' id='word_1_40' title='bbox 460 333 519 352; x_wconf 91' lang='lat' dir='ltr'>non</span> <span class='ocrx_word' id='word_1_41' title='bbox 546 323 733 352; x_wconf 86' lang='lat' dir='ltr'>dissimulate</span> <span class='ocrx_word' id='word_1_42' title='bbox 757 324 883 354; x_wconf 85' lang='lat' dir='ltr'>dicebat.</span> <span class='ocrx_word' id='word_1_43' title='bbox 917 326 1022 356; x_wconf 86' lang='lat' dir='ltr'>Comm.</span> <span class='ocrx_word' id='word_1_44' title='bbox 1050 325 1116 365; x_wconf 86' lang='lat' dir='ltr'>Cr.)</span> <span class='ocrx_word' id='word_1_45' title='bbox 1165 328 1173 342; x_wconf 88' lang='lat'><strong>‘</strong></span> <span class='ocrx_word' id='word_1_46' title='bbox 1186 327 1268 357; x_wconf 89' lang='lat' dir='ltr'>Male</span> <span class='ocrx_word' id='word_1_47' title='bbox 1293 327 1390 362; x_wconf 74' lang='lat' dir='ltr'>enim.</span> 
     </span>
     <span class='ocr_line' id='line_1_6' title="bbox 147 365 1376 408; baseline 0.003 -13"><span class='ocrx_word' id='word_1_48' title='bbox 147 367 329 404; x_wconf 82' lang='lat' dir='ltr'>accepissem</span> <span class='ocrx_word' id='word_1_49' title='bbox 346 365 444 394; x_wconf 84' lang='lat' dir='ltr'>verbis</span> <span class='ocrx_word' id='word_1_50' title='bbox 459 371 550 402; x_wconf 86' lang='lat' dir='ltr'>atque</span> <span class='ocrx_word' id='word_1_51' title='bbox 567 366 716 403; x_wconf 81' lang='lat' dir='ltr'>fugassem</span> <span class='ocrx_word' id='word_1_52' title='bbox 732 366 906 396; x_wconf 58' lang='lat' dir='ltr'>hominem)</span> <span class='ocrx_word' id='word_1_53' title='bbox 917 383 959 389; x_wconf 89' lang='lat'>—·</span> <span class='ocrx_word' id='word_1_54' title='bbox 973 366 1102 407; x_wconf 80' lang='lat' dir='ltr'><strong><em>[cerebri</em></strong></span> <span class='ocrx_word' id='word_1_55' title='bbox 1116 367 1258 408; x_wconf 75' lang='lat' dir='ltr'><strong><em>Felicem]</em></strong></span> <span class='ocrx_word' id='word_1_56' title='bbox 1273 379 1376 408; x_wconf 77' lang='grc' dir='ltr'>μακα-</span> 
     </span>
     <span class='ocr_line' id='line_1_7' title="bbox 147 404 1390 451; baseline 0.003 -14"><span class='ocrx_word' id='word_1_57' title='bbox 147 406 222 449; x_wconf 80' lang='grc' dir='ltr'>ρίζω</span> <span class='ocrx_word' id='word_1_58' title='bbox 239 417 272 437; x_wconf 85' lang='grc' dir='ltr'>σε</span> <span class='ocrx_word' id='word_1_59' title='bbox 286 409 346 444; x_wconf 81' lang='grc' dir='ltr'>τῆς</span> <span class='ocrx_word' id='word_1_60' title='bbox 361 404 557 447; x_wconf 82' lang='grc' dir='ltr'>παῤῥησίας.</span> <span class='ocrx_word' id='word_1_61' title='bbox 586 408 667 446; x_wconf 85' lang='lat' dir='ltr'>Virg.</span> <span class='ocrx_word' id='word_1_62' title='bbox 686 409 740 438; x_wconf 87' lang='lat' dir='ltr'>Ge.</span> <span class='ocrx_word' id='word_1_63' title='bbox 759 409 786 443; x_wconf 88' lang='lat'>1,</span> <span class='ocrx_word' id='word_1_64' title='bbox 802 409 872 444; x_wconf 90' lang='grc'>277,</span> <span class='ocrx_word' id='word_1_65' title='bbox 880 406 988 448; x_wconf 75' lang='lat' dir='ltr'>felices</span> <span class='ocrx_word' id='word_1_66' title='bbox 1002 421 1119 450; x_wconf 83' lang='lat' dir='ltr'>operum</span> <span class='ocrx_word' id='word_1_67' title='bbox 1130 413 1202 441; x_wconf 78' lang='lat' dir='ltr'>dies.</span> <span class='ocrx_word' id='word_1_68' title='bbox 1213 429 1252 434; x_wconf 97' lang='lat'><strong>—</strong></span> <span class='ocrx_word' id='word_1_69' title='bbox 1265 409 1390 451; x_wconf 56' lang='lat' dir='ltr'>[vicos]</span> 
     </span>
     <span class='ocr_line' id='line_1_8' title="bbox 146 450 1383 493; baseline 0.004 -15"><span class='ocrx_word' id='word_1_70' title='bbox 146 451 292 479; x_wconf 89' lang='lat' dir='ltr'>domuum</span> <span class='ocrx_word' id='word_1_71' title='bbox 319 450 439 479; x_wconf 80' lang='lat' dir='ltr'>ordines</span> <span class='ocrx_word' id='word_1_72' title='bbox 463 460 500 478; x_wconf 84' lang='lat' dir='ltr'>ex</span> <span class='ocrx_word' id='word_1_73' title='bbox 522 451 651 487; x_wconf 68' lang='lat' dir='ltr'>utraque</span> <span class='ocrx_word' id='word_1_74' title='bbox 677 450 732 479; x_wconf 87' lang='lat' dir='ltr'>viae</span> <span class='ocrx_word' id='word_1_75' title='bbox 757 457 851 489; x_wconf 87' lang='lat' dir='ltr'>parte.</span> <span class='ocrx_word' id='word_1_76' title='bbox 897 453 945 481; x_wconf 90' lang='lat' dir='ltr'>Sic</span> <span class='ocrx_word' id='word_1_77' title='bbox 970 453 1171 492; x_wconf 81' lang='lat' dir='ltr'>Theophrasti</span> <span class='ocrx_word' id='word_1_78' title='bbox 1196 451 1383 493; x_wconf 78' lang='grc' dir='ltr'>ἀδόλεσχος.-</span> 
     </span>
     <span class='ocr_line' id='line_1_9' title="bbox 149 490 924 526; baseline 0.003 -4"><span class='ocrx_word' id='word_1_79' title='bbox 149 493 206 522; x_wconf 88' lang='lat' dir='ltr'>Ch.</span> <span class='ocrx_word' id='word_1_80' title='bbox 221 493 252 525; x_wconf 88' lang='lat'>3,</span> <span class='ocrx_word' id='word_1_81' title='bbox 268 499 379 526; x_wconf 84' lang='lat' dir='ltr'>narrat,</span> <span class='ocrx_word' id='word_1_82' title='bbox 394 490 490 521; x_wconf 89' lang='grc' dir='ltr'>πόσοι</span> <span class='ocrx_word' id='word_1_83' title='bbox 505 490 565 521; x_wconf 82' lang='grc' dir='ltr'><strong><em>εἶσὶ</em></strong></span> <span class='ocrx_word' id='word_1_84' title='bbox 581 491 686 526; x_wconf 78' lang='grc' dir='ltr'>κίονες</span> <span class='ocrx_word' id='word_1_85' title='bbox 702 493 758 522; x_wconf 84' lang='grc' dir='ltr'>τοῦ</span> <span class='ocrx_word' id='word_1_86' title='bbox 779 490 924 524; x_wconf 82' lang='grc' dir='ltr'>Ὠιδείου.</span> 
     </span>
    </p>

    <p class='ocr_par' dir='ltr' id='par_1_3' title="bbox 144 533 1375 1072">
     <span class='ocr_line' id='line_1_10' title="bbox 192 533 1375 577; baseline 0.003 -14"><span class='ocrx_word' id='word_1_87' title='bbox 192 534 323 564; x_wconf 85' lang='lat'>16-21.</span> <span class='ocrx_word' id='word_1_88' title='bbox 349 533 550 574; x_wconf 76' lang='lat' dir='ltr'>[Persequar]</span> <span class='ocrx_word' id='word_1_89' title='bbox 575 535 781 572; x_wconf 87' lang='lat' dir='ltr'>Importunus‚</span> <span class='ocrx_word' id='word_1_90' title='bbox 805 536 878 564; x_wconf 91' lang='lat' dir='ltr'>dum</span> <span class='ocrx_word' id='word_1_91' title='bbox 901 536 1013 566; x_wconf 79' lang='lat' dir='ltr'>facetus</span> <span class='ocrx_word' id='word_1_92' title='bbox 1033 547 1098 567; x_wconf 86' lang='lat' dir='ltr'>esse</span> <span class='ocrx_word' id='word_1_93' title='bbox 1119 537 1211 577; x_wconf 86' lang='lat' dir='ltr'>cupit,</span> <span class='ocrx_word' id='word_1_94' title='bbox 1234 537 1375 568; x_wconf 76' lang='lat' dir='ltr'>rusticius</span> 
     </span>
     <span class='ocr_line' id='line_1_11' title="bbox 147 576 1373 619; baseline 0.002 -13"><span class='ocrx_word' id='word_1_95' title='bbox 147 576 292 614; x_wconf 87' lang='lat' dir='ltr'>loquitur.</span> <span class='ocrx_word' id='word_1_96' title='bbox 335 578 503 616; x_wconf 78' lang='lat' dir='ltr'>Persequar</span> <span class='ocrx_word' id='word_1_97' title='bbox 525 582 570 605; x_wconf 88' lang='lat' dir='ltr'>est</span> <span class='ocrx_word' id='word_1_98' title='bbox 591 577 741 606; x_wconf 87' lang='lat' dir='ltr'>minarum</span> <span class='ocrx_word' id='word_1_99' title='bbox 765 578 1002 616; x_wconf 79' lang='lat' dir='ltr'>praecedentium</span> <span class='ocrx_word' id='word_1_100' title='bbox 1017 589 1134 609; x_wconf 83' lang='lat' dir='ltr'>summa</span> <span class='ocrx_word' id='word_1_101' title='bbox 1149 590 1183 609; x_wconf 89' lang='lat' dir='ltr'>ac</span> <span class='ocrx_word' id='word_1_102' title='bbox 1200 589 1373 619; x_wconf 86' lang='lat' dir='ltr'>persevera-</span> 
     </span>
     <span class='ocr_line' id='line_1_12' title="bbox 147 619 1374 660; baseline 0.004 -13"><span class='ocrx_word' id='word_1_103' title='bbox 147 619 261 648; x_wconf 83' lang='lat' dir='ltr'>tionem</span> <span class='ocrx_word' id='word_1_104' title='bbox 275 620 450 648; x_wconf 82' lang='lat' dir='ltr'>assectantis</span> <span class='ocrx_word' id='word_1_105' title='bbox 466 619 586 656; x_wconf 81' lang='lat' dir='ltr'>egregie</span> <span class='ocrx_word' id='word_1_106' title='bbox 599 620 740 658; x_wconf 84' lang='lat' dir='ltr'>exprimit</span> <span class='ocrx_word' id='word_1_107' title='bbox 753 631 759 654; x_wconf 71' lang='lat'>3</span> <span class='ocrx_word' id='word_1_108' title='bbox 779 630 941 659; x_wconf 80' lang='lat' dir='ltr'>prosequar</span> <span class='ocrx_word' id='word_1_109' title='bbox 953 627 1040 658; x_wconf 77' lang='lat' dir='ltr'>esset,</span> <span class='ocrx_word' id='word_1_110' title='bbox 1055 624 1063 638; x_wconf 81' lang='lat'>⁴</span> <span class='ocrx_word' id='word_1_111' title='bbox 1073 622 1162 651; x_wconf 87' lang='lat' dir='ltr'>officii</span> <span class='ocrx_word' id='word_1_112' title='bbox 1177 623 1270 652; x_wconf 64' lang='lat' dir='ltr'>causa</span> <span class='ocrx_word' id='word_1_113' title='bbox 1284 631 1374 660; x_wconf 88' lang='lat' dir='ltr'>porro</span> 
     </span>
     <span class='ocr_line' id='line_1_13' title="bbox 147 659 1374 702; baseline 0.003 -12"><span class='ocrx_word' id='word_1_114' title='bbox 147 661 329 700; x_wconf 86' lang='lat' dir='ltr'>sequar.’—</span> <span class='ocrx_word' id='word_1_115' title='bbox 346 659 466 700; x_wconf 83' lang='lat' dir='ltr'><em>[cubat]</em></span> <span class='ocrx_word' id='word_1_116' title='bbox 485 664 491 676; x_wconf 88' lang='lat'>‘</span> <span class='ocrx_word' id='word_1_117' title='bbox 503 667 632 699; x_wconf 86' lang='lat' dir='ltr'>aegrotus</span> <span class='ocrx_word' id='word_1_118' title='bbox 647 662 790 691; x_wconf 88' lang='lat' dir='ltr'>lectulum</span> <span class='ocrx_word' id='word_1_119' title='bbox 806 668 905 692; x_wconf 84' lang='lat' dir='ltr'>servat</span> <span class='ocrx_word' id='word_1_120' title='bbox 920 663 1000 692; x_wconf 90' lang='lat' dir='ltr'>domi</span> <span class='ocrx_word' id='word_1_121' title='bbox 1015 665 1096 693; x_wconf 82' lang='lat' dir='ltr'>suae.’</span> <span class='ocrx_word' id='word_1_122' title='bbox 1135 665 1252 702; x_wconf 82' lang='lat' dir='ltr'>Prolog.</span> <span class='ocrx_word' id='word_1_123' title='bbox 1270 664 1374 702; x_wconf 83' lang='lat' dir='ltr'>Antiq.</span> 
     </span>
     <span class='ocr_line' id='line_1_14' title="bbox 147 704 1374 743; baseline 0.004 -11"><span class='ocrx_word' id='word_1_124' title='bbox 147 704 245 733; x_wconf 86' lang='lat' dir='ltr'>Plaut.</span> <span class='ocrx_word' id='word_1_125' title='bbox 263 704 329 733; x_wconf 86' lang='lat' dir='ltr'>Cas.</span> <span class='ocrx_word' id='word_1_126' title='bbox 345 704 396 738; x_wconf 86' lang='lat'>37,</span> <span class='ocrx_word' id='word_1_127' title='bbox 412 714 521 738; x_wconf 82' lang='lat' dir='ltr'>servus,</span> <span class='ocrx_word' id='word_1_128' title='bbox 538 705 588 743; x_wconf 83' lang='lat' dir='ltr'>qui</span> <span class='ocrx_word' id='word_1_129' title='bbox 603 706 634 733; x_wconf 80' lang='lat' dir='ltr'>in</span> <span class='ocrx_word' id='word_1_130' title='bbox 654 706 749 734; x_wconf 87' lang='lat' dir='ltr'>morbo</span> <span class='ocrx_word' id='word_1_131' title='bbox 764 705 873 734; x_wconf 76' lang='lat' dir='ltr'>cubat.-</span> <span class='ocrx_word' id='word_1_132' title='bbox 896 705 987 735; x_wconf 85' lang='lat' dir='ltr'>Immo</span> <span class='ocrx_word' id='word_1_133' title='bbox 1000 707 1095 736; x_wconf 79' lang='lat' dir='ltr'>hercle</span> <span class='ocrx_word' id='word_1_134' title='bbox 1109 717 1174 736; x_wconf 83' lang='lat' dir='ltr'>vero</span> <span class='ocrx_word' id='word_1_135' title='bbox 1194 709 1224 736; x_wconf 76' lang='lat' dir='ltr'>in</span> <span class='ocrx_word' id='word_1_136' title='bbox 1243 707 1316 736; x_wconf 86' lang='lat' dir='ltr'>lecto</span> <span class='ocrx_word' id='word_1_137' title='bbox 1337 717 1374 737; x_wconf 78' lang='lat' dir='ltr'>ne</span> 
     </span>
     <span class='ocr_line' id='line_1_15' title="bbox 146 744 1374 787; baseline 0.002 -11"><span class='ocrx_word' id='word_1_138' title='bbox 146 747 220 785; x_wconf 83' lang='lat' dir='ltr'>quid</span> <span class='ocrx_word' id='word_1_139' title='bbox 233 748 367 776; x_wconf 83' lang='lat' dir='ltr'>mentiar.</span> <span class='ocrx_word' id='word_1_140' title='bbox 377 762 419 767; x_wconf 98' lang='lat'>—</span> <span class='ocrx_word' id='word_1_141' title='bbox 430 745 576 785; x_wconf 69' lang='lat' dir='ltr'>[Caesaris</span> <span class='ocrx_word' id='word_1_142' title='bbox 589 744 700 785; x_wconf 74' lang='lat' dir='ltr'>hortos]</span> <span class='ocrx_word' id='word_1_143' title='bbox 716 746 747 775; x_wconf 90' lang='lat' dir='ltr'>in</span> <span class='ocrx_word' id='word_1_144' title='bbox 757 747 907 782; x_wconf 83' lang='lat' dir='ltr'>Janiculo,</span> <span class='ocrx_word' id='word_1_145' title='bbox 919 757 993 785; x_wconf 91' lang='lat' dir='ltr'>quos</span> <span class='ocrx_word' id='word_1_146' title='bbox 1006 749 1106 778; x_wconf 84' lang='lat' dir='ltr'>Caesar</span> <span class='ocrx_word' id='word_1_147' title='bbox 1121 749 1248 778; x_wconf 84' lang='lat' dir='ltr'>dictator</span> <span class='ocrx_word' id='word_1_148' title='bbox 1262 749 1374 787; x_wconf 88' lang='lat' dir='ltr'>populo</span> 
     </span>
     <span class='ocr_line' id='line_1_16' title="bbox 147 789 1374 829; baseline 0.002 -11"><span class='ocrx_word' id='word_1_149' title='bbox 147 789 288 818; x_wconf 84' lang='lat' dir='ltr'>Romano</span> <span class='ocrx_word' id='word_1_150' title='bbox 302 789 422 827; x_wconf 79' lang='lat' dir='ltr'>publice</span> <span class='ocrx_word' id='word_1_151' title='bbox 438 789 561 826; x_wconf 80' lang='lat' dir='ltr'>legarat.</span> <span class='ocrx_word' id='word_1_152' title='bbox 594 790 676 818; x_wconf 89' lang='lat' dir='ltr'>Suet.</span> <span class='ocrx_word' id='word_1_153' title='bbox 693 789 768 818; x_wconf 87' lang='lat' dir='ltr'>Caes.</span> <span class='ocrx_word' id='word_1_154' title='bbox 788 789 837 819; x_wconf 88' lang='lat'>83.</span> <span class='ocrx_word' id='word_1_155' title='bbox 882 790 906 819; x_wconf 85' lang='lat' dir='ltr'>A</span> <span class='ocrx_word' id='word_1_156' title='bbox 925 791 1016 819; x_wconf 66' lang='lat' dir='ltr'>Sacra</span> <span class='ocrx_word' id='word_1_157' title='bbox 1034 791 1092 820; x_wconf 66' lang='lat' dir='ltr'>Via</span> <span class='ocrx_word' id='word_1_158' title='bbox 1106 798 1208 820; x_wconf 89' lang='lat' dir='ltr'>autem</span> <span class='ocrx_word' id='word_1_159' title='bbox 1223 801 1319 829; x_wconf 84' lang='lat' dir='ltr'>usque</span> <span class='ocrx_word' id='word_1_160' title='bbox 1339 791 1374 822; x_wconf 80' lang='lat' dir='ltr'>in</span> 
     </span>
     <span class='ocr_line' id='line_1_17' title="bbox 145 830 1372 872; baseline 0.003 -13"><span class='ocrx_word' id='word_1_161' title='bbox 145 831 322 860; x_wconf 83' lang='lat' dir='ltr'>Janiculum</span> <span class='ocrx_word' id='word_1_162' title='bbox 338 831 419 859; x_wconf 85' lang='lat' dir='ltr'>horae</span> <span class='ocrx_word' id='word_1_163' title='bbox 437 840 528 869; x_wconf 87' lang='lat' dir='ltr'>prope</span> <span class='ocrx_word' id='word_1_164' title='bbox 544 831 669 868; x_wconf 83' lang='lat' dir='ltr'>integrae</span> <span class='ocrx_word' id='word_1_165' title='bbox 691 830 749 860; x_wconf 89' lang='lat' dir='ltr'>iter</span> <span class='ocrx_word' id='word_1_166' title='bbox 762 831 934 861; x_wconf 82' lang='lat' dir='ltr'>faciendum</span> <span class='ocrx_word' id='word_1_167' title='bbox 949 839 1022 862; x_wconf 80' lang='lat' dir='ltr'>erat.</span> <span class='ocrx_word' id='word_1_168' title='bbox 1032 849 1075 854; x_wconf 91' lang='lat'><strong>—</strong></span> <span class='ocrx_word' id='word_1_169' title='bbox 1085 832 1233 872; x_wconf 80' lang='lat' dir='ltr'>[Demitto</span> <span class='ocrx_word' id='word_1_170' title='bbox 1252 835 1372 863; x_wconf 78' lang='lat' dir='ltr'>auricu-</span> 
     </span>
     <span class='ocr_line' id='line_1_18' title="bbox 146 871 1373 914; baseline 0.002 -11"><span class='ocrx_word' id='word_1_171' title='bbox 146 871 208 912; x_wconf 80' lang='lat' dir='ltr'>las]</span> <span class='ocrx_word' id='word_1_172' title='bbox 240 873 381 902; x_wconf 81' lang='lat' dir='ltr'>Ridiculo</span> <span class='ocrx_word' id='word_1_173' title='bbox 405 873 461 902; x_wconf 88' lang='lat' dir='ltr'>hoc</span> <span class='ocrx_word' id='word_1_174' title='bbox 483 874 640 911; x_wconf 87' lang='lat' dir='ltr'>proverbio</span> <span class='ocrx_word' id='word_1_175' title='bbox 662 875 825 902; x_wconf 84' lang='lat' dir='ltr'>utebantur</span> <span class='ocrx_word' id='word_1_176' title='bbox 839 875 902 912; x_wconf 90' lang='lat' dir='ltr'>jam</span> <span class='ocrx_word' id='word_1_177' title='bbox 927 875 1035 904; x_wconf 85' lang='lat' dir='ltr'>Graeci.</span> <span class='ocrx_word' id='word_1_178' title='bbox 1080 876 1155 904; x_wconf 89' lang='lat' dir='ltr'>Plat.</span> <span class='ocrx_word' id='word_1_179' title='bbox 1174 877 1212 904; x_wconf 91' lang='lat' dir='ltr'>de</span> <span class='ocrx_word' id='word_1_180' title='bbox 1229 876 1303 914; x_wconf 81' lang='lat' dir='ltr'>Rep.</span> <span class='ocrx_word' id='word_1_181' title='bbox 1324 875 1373 910; x_wconf 86' lang='grc'><strong>10,</strong></span> 
     </span>
     <span class='ocr_line' id='line_1_19' title="bbox 146 913 1374 957; baseline 0.002 -13"><span class='ocrx_word' id='word_1_182' title='bbox 146 925 175 954; x_wconf 90' lang='lat' dir='ltr'>p.</span> <span class='ocrx_word' id='word_1_183' title='bbox 191 915 263 949; x_wconf 86' lang='lat'>613,</span> <span class='ocrx_word' id='word_1_184' title='bbox 279 915 315 945; x_wconf 88' lang='grc' dir='ltr'>τὸ</span> <span class='ocrx_word' id='word_1_185' title='bbox 330 915 390 955; x_wconf 82' lang='grc' dir='ltr'>μὲν</span> <span class='ocrx_word' id='word_1_186' title='bbox 407 916 539 955; x_wconf 84' lang='grc' dir='ltr'>πρῶτον</span> <span class='ocrx_word' id='word_1_187' title='bbox 553 913 649 950; x_wconf 82' lang='grc' dir='ltr'><em>ὀξέως</em></span> <span class='ocrx_word' id='word_1_188' title='bbox 664 913 862 951; x_wconf 79' lang='grc' dir='ltr'>ἀποπηδῶσι</span> <span class='ocrx_word' id='word_1_189' title='bbox 883 914 926 955; x_wconf 83' lang='grc' dir='ltr'>(οὶ</span> <span class='ocrx_word' id='word_1_190' title='bbox 941 914 1095 957; x_wconf 81' lang='grc' dir='ltr'>δρομεῖς),</span> <span class='ocrx_word' id='word_1_191' title='bbox 1110 917 1324 954; x_wconf 74' lang='grc' dir='ltr'>τελευτῶντες</span> <span class='ocrx_word' id='word_1_192' title='bbox 1340 915 1374 947; x_wconf 82' lang='grc' dir='ltr'>δὲ</span> 
     </span>
     <span class='ocr_line' id='line_1_20' title="bbox 146 955 1374 1000; baseline 0.002 -12"><span class='ocrx_word' id='word_1_193' title='bbox 146 955 387 997; x_wconf 81' lang='grc' dir='ltr'>καταγέλαστοι</span> <span class='ocrx_word' id='word_1_194' title='bbox 409 958 583 998; x_wconf 76' lang='grc' dir='ltr'>γίγνονται</span> <span class='ocrx_word' id='word_1_195' title='bbox 605 956 646 987; x_wconf 89' lang='grc' dir='ltr'>τὰ</span> <span class='ocrx_word' id='word_1_196' title='bbox 667 956 735 987; x_wconf 82' lang='grc' dir='ltr'>ὦτα</span> <span class='ocrx_word' id='word_1_197' title='bbox 756 956 810 988; x_wconf 80' lang='grc' dir='ltr'>ἐπὶ</span> <span class='ocrx_word' id='word_1_198' title='bbox 834 959 900 988; x_wconf 80' lang='grc' dir='ltr'>τῶν</span> <span class='ocrx_word' id='word_1_199' title='bbox 926 956 1022 999; x_wconf 83' lang='grc' dir='ltr'>ὤμων</span> <span class='ocrx_word' id='word_1_200' title='bbox 1043 958 1374 1000; x_wconf 58' lang='grc' dir='ltr'>ἔχοντες-[Μᾶρκε</span> 
     </span>
     <span class='ocr_line' id='line_1_21' title="bbox 145 998 1372 1041; baseline 0.002 -11"><span class='ocrx_word' id='word_1_201' title='bbox 145 998 266 1039; x_wconf 79' lang='lat' dir='ltr'>mentis]</span> <span class='ocrx_word' id='word_1_202' title='bbox 285 1001 292 1015; x_wconf 84' lang='lat'>‘</span> <span class='ocrx_word' id='word_1_203' title='bbox 305 1000 373 1030; x_wconf 87' lang='lat' dir='ltr'>irati</span> <span class='ocrx_word' id='word_1_204' title='bbox 389 1001 420 1029; x_wconf 87' lang='lat' dir='ltr'>in</span> <span class='ocrx_word' id='word_1_205' title='bbox 436 1000 622 1029; x_wconf 87' lang='lat' dir='ltr'>mulionem.’</span> <span class='ocrx_word' id='word_1_206' title='bbox 635 1016 675 1021; x_wconf 85' lang='lat'>-—</span> <span class='ocrx_word' id='word_1_207' title='bbox 686 998 809 1039; x_wconf 81' lang='lat' dir='ltr'>[subiit]</span> <span class='ocrx_word' id='word_1_208' title='bbox 827 1001 935 1031; x_wconf 74' lang='lat' dir='ltr'>ultima</span> <span class='ocrx_word' id='word_1_209' title='bbox 949 1002 1096 1040; x_wconf 70' lang='lat' dir='ltr'>producta</span> <span class='ocrx_word' id='word_1_210' title='bbox 1111 1010 1232 1041; x_wconf 86' lang='lat' dir='ltr'>propter</span> <span class='ocrx_word' id='word_1_211' title='bbox 1246 1003 1327 1032; x_wconf 64' lang='lat' dir='ltr'>arsin</span> <span class='ocrx_word' id='word_1_212' title='bbox 1340 1003 1372 1032; x_wconf 82' lang='lat' dir='ltr'>in</span> 
     </span>
     <span class='ocr_line' id='line_1_22' title="bbox 144 1052 270 1072; baseline 0 0"><span class='ocrx_word' id='word_1_213' title='bbox 144 1052 270 1072; x_wconf 87' lang='lat' dir='ltr'>caesura.</span> 
     </span>
    </p>

    <p class='ocr_par' dir='ltr' id='par_1_4' title="bbox 143 1082 1374 1623">
     <span class='ocr_line' id='line_1_23' title="bbox 187 1082 1374 1124; baseline 0.002 -10"><span class='ocrx_word' id='word_1_214' title='bbox 187 1085 321 1120; x_wconf 89' lang='grc'><strong>22-27.</strong></span> <span class='ocrx_word' id='word_1_215' title='bbox 347 1082 500 1124; x_wconf 81' lang='lat' dir='ltr'>[Viscum]</span> <span class='ocrx_word' id='word_1_216' title='bbox 517 1083 624 1113; x_wconf 88' lang='lat' dir='ltr'>Vibius</span> <span class='ocrx_word' id='word_1_217' title='bbox 640 1085 747 1114; x_wconf 84' lang='lat' dir='ltr'>Viscus</span> <span class='ocrx_word' id='word_1_218' title='bbox 762 1094 855 1122; x_wconf 86' lang='lat' dir='ltr'>eques</span> <span class='ocrx_word' id='word_1_219' title='bbox 872 1085 1028 1115; x_wconf 81' lang='lat' dir='ltr'>Romanus</span> <span class='ocrx_word' id='word_1_220' title='bbox 1046 1087 1122 1115; x_wconf 87' lang='lat' dir='ltr'>duos</span> <span class='ocrx_word' id='word_1_221' title='bbox 1136 1086 1214 1116; x_wconf 86' lang='lat' dir='ltr'>filios</span> <span class='ocrx_word' id='word_1_222' title='bbox 1229 1086 1374 1116; x_wconf 70' lang='lat' dir='ltr'>senatorii</span> 
     </span>
     <span class='ocr_line' id='line_1_24' title="bbox 144 1127 1374 1164; baseline 0.002 -8"><span class='ocrx_word' id='word_1_223' title='bbox 144 1127 260 1156; x_wconf 84' lang='lat' dir='ltr'>ordinis</span> <span class='ocrx_word' id='word_1_224' title='bbox 284 1128 422 1160; x_wconf 82' lang='lat' dir='ltr'>habebat.</span> <span class='ocrx_word' id='word_1_225' title='bbox 446 1137 574 1164; x_wconf 89' lang='lat' dir='ltr'>quorum</span> <span class='ocrx_word' id='word_1_226' title='bbox 596 1128 671 1156; x_wconf 85' lang='lat' dir='ltr'>alter</span> <span class='ocrx_word' id='word_1_227' title='bbox 691 1127 810 1156; x_wconf 77' lang='lat' dir='ltr'>Horatii</span> <span class='ocrx_word' id='word_1_228' title='bbox 832 1127 945 1157; x_wconf 87' lang='lat' dir='ltr'>amicus</span> <span class='ocrx_word' id='word_1_229' title='bbox 969 1134 1000 1157; x_wconf 84' lang='lat' dir='ltr'>et</span> <span class='ocrx_word' id='word_1_230' title='bbox 1024 1129 1198 1158; x_wconf 85' lang='lat' dir='ltr'>Maecenatis</span> <span class='ocrx_word' id='word_1_231' title='bbox 1221 1129 1374 1158; x_wconf 84' lang='lat' dir='ltr'>convictor</span> 
     </span>
     <span class='ocr_line' id='line_1_25' title="bbox 144 1167 1373 1210; baseline 0.002 -12"><span class='ocrx_word' id='word_1_232' title='bbox 144 1170 212 1199; x_wconf 82' lang='lat' dir='ltr'>suit.</span> <span class='ocrx_word' id='word_1_233' title='bbox 236 1169 297 1199; x_wconf 88' lang='lat' dir='ltr'>Cfr.</span> <span class='ocrx_word' id='word_1_234' title='bbox 323 1170 383 1199; x_wconf 88' lang='lat' dir='ltr'>Sat.</span> <span class='ocrx_word' id='word_1_235' title='bbox 410 1169 435 1202; x_wconf 84' lang='lat'>1.</span> <span class='ocrx_word' id='word_1_236' title='bbox 460 1169 507 1204; x_wconf 91' lang='grc'>10,</span> <span class='ocrx_word' id='word_1_237' title='bbox 531 1167 803 1208; x_wconf 82' lang='lat' dir='ltr'>83.—[Varium]</span> <span class='ocrx_word' id='word_1_238' title='bbox 828 1171 889 1199; x_wconf 88' lang='lat' dir='ltr'>Sat.</span> <span class='ocrx_word' id='word_1_239' title='bbox 915 1170 941 1206; x_wconf 88' lang='lat' dir='ltr'>l,</span> <span class='ocrx_word' id='word_1_240' title='bbox 964 1171 994 1206; x_wconf 87' lang='grc'><strong>5,</strong></span> <span class='ocrx_word' id='word_1_241' title='bbox 1017 1168 1268 1210; x_wconf 80' lang='lat' dir='ltr'>40.—[plures]</span> <span class='ocrx_word' id='word_1_242' title='bbox 1293 1172 1373 1201; x_wconf 83' lang='lat' dir='ltr'>Ecce</span> 
     </span>
     <span class='ocr_line' id='line_1_26' title="bbox 143 1210 1373 1251; baseline 0.002 -11"><span class='ocrx_word' id='word_1_243' title='bbox 143 1212 221 1241; x_wconf 87' lang='lat' dir='ltr'>alter</span> <span class='ocrx_word' id='word_1_244' title='bbox 237 1212 405 1250; x_wconf 83' lang='lat' dir='ltr'>Crispinus.</span> <span class='ocrx_word' id='word_1_245' title='bbox 428 1213 488 1240; x_wconf 88' lang='lat' dir='ltr'>Sat.</span> <span class='ocrx_word' id='word_1_246' title='bbox 508 1211 534 1246; x_wconf 90' lang='lat' dir='ltr'>l,</span> <span class='ocrx_word' id='word_1_247' title='bbox 553 1211 583 1248; x_wconf 87' lang='lat'>4,</span> <span class='ocrx_word' id='word_1_248' title='bbox 600 1211 646 1241; x_wconf 76' lang='lat'>14.</span> <span class='ocrx_word' id='word_1_249' title='bbox 659 1227 699 1232; x_wconf 89' lang='lat'>—-</span> <span class='ocrx_word' id='word_1_250' title='bbox 712 1210 865 1251; x_wconf 72' lang='lat' dir='ltr'>[Mallius]</span> <span class='ocrx_word' id='word_1_251' title='bbox 883 1214 890 1228; x_wconf 89' lang='lat'><em>‘</em></span> <span class='ocrx_word' id='word_1_252' title='bbox 902 1222 970 1241; x_wconf 87' lang='lat' dir='ltr'>cum</span> <span class='ocrx_word' id='word_1_253' title='bbox 989 1214 1101 1250; x_wconf 87' lang='lat' dir='ltr'>majore</span> <span class='ocrx_word' id='word_1_254' title='bbox 1116 1214 1214 1250; x_wconf 69' lang='lat' dir='ltr'>gratia</span> <span class='ocrx_word' id='word_1_255' title='bbox 1229 1223 1264 1242; x_wconf 84' lang='lat' dir='ltr'>ac</span> <span class='ocrx_word' id='word_1_256' title='bbox 1278 1213 1373 1243; x_wconf 76' lang='lat' dir='ltr'>facili-</span> 
     </span>
     <span class='ocr_line' id='line_1_27' title="bbox 144 1252 1373 1294; baseline 0.002 -11"><span class='ocrx_word' id='word_1_257' title='bbox 144 1259 206 1283; x_wconf 82' lang='lat' dir='ltr'>tate</span> <span class='ocrx_word' id='word_1_258' title='bbox 220 1255 330 1283; x_wconf 84' lang='lat' dir='ltr'>saltare</span> <span class='ocrx_word' id='word_1_259' title='bbox 345 1264 379 1283; x_wconf 83' lang='lat' dir='ltr'>ac</span> <span class='ocrx_word' id='word_1_260' title='bbox 393 1254 585 1292; x_wconf 78' lang='lat' dir='ltr'>gesticulari.&#39;</span> <span class='ocrx_word' id='word_1_261' title='bbox 598 1270 639 1274; x_wconf 93' lang='lat'><strong>—</strong></span> <span class='ocrx_word' id='word_1_262' title='bbox 651 1252 882 1293; x_wconf 71' lang='lat' dir='ltr'>[Hermogenes]</span> <span class='ocrx_word' id='word_1_263' title='bbox 908 1255 1028 1292; x_wconf 85' lang='lat' dir='ltr'>Tigellii</span> <span class='ocrx_word' id='word_1_264' title='bbox 1052 1255 1138 1285; x_wconf 89' lang='lat' dir='ltr'>Sardi</span> <span class='ocrx_word' id='word_1_265' title='bbox 1157 1255 1236 1285; x_wconf 83' lang='lat' dir='ltr'>filius</span> <span class='ocrx_word' id='word_1_266' title='bbox 1255 1256 1373 1294; x_wconf 87' lang='lat' dir='ltr'>adopti-</span> 
     </span>
     <span class='ocr_line' id='line_1_28' title="bbox 144 1296 1372 1337; baseline 0.001 -11"><span class='ocrx_word' id='word_1_267' title='bbox 144 1306 200 1326; x_wconf 86' lang='lat' dir='ltr'>vus</span> <span class='ocrx_word' id='word_1_268' title='bbox 219 1298 295 1337; x_wconf 88' lang='lat' dir='ltr'>(Sat.</span> <span class='ocrx_word' id='word_1_269' title='bbox 323 1297 350 1330; x_wconf 92' lang='lat'>1,</span> <span class='ocrx_word' id='word_1_270' title='bbox 372 1297 401 1331; x_wconf 89' lang='grc'>3,</span> <span class='ocrx_word' id='word_1_271' title='bbox 427 1297 495 1326; x_wconf 86' lang='grc'><strong>129.</strong></span> <span class='ocrx_word' id='word_1_272' title='bbox 517 1297 547 1331; x_wconf 85' lang='grc'><strong>4,</strong></span> <span class='ocrx_word' id='word_1_273' title='bbox 572 1296 623 1330; x_wconf 92' lang='grc'>72.</span> <span class='ocrx_word' id='word_1_274' title='bbox 651 1296 698 1330; x_wconf 92' lang='grc'><strong>10,</strong></span> <span class='ocrx_word' id='word_1_275' title='bbox 724 1296 776 1334; x_wconf 91' lang='lat'>18)</span> <span class='ocrx_word' id='word_1_276' title='bbox 800 1298 837 1325; x_wconf 86' lang='lat' dir='ltr'>ab</span> <span class='ocrx_word' id='word_1_277' title='bbox 861 1296 1075 1335; x_wconf 84' lang='lat' dir='ltr'>interpretibus</span> <span class='ocrx_word' id='word_1_278' title='bbox 1098 1298 1207 1336; x_wconf 81' lang='lat' dir='ltr'>saepius</span> <span class='ocrx_word' id='word_1_279' title='bbox 1228 1307 1296 1327; x_wconf 92' lang='lat' dir='ltr'>cum</span> <span class='ocrx_word' id='word_1_280' title='bbox 1319 1299 1372 1328; x_wconf 83' lang='lat' dir='ltr'>illo</span> 
     </span>
     <span class='ocr_line' id='line_1_29' title="bbox 147 1337 1371 1378; baseline 0.002 -10"><span class='ocrx_word' id='word_1_281' title='bbox 147 1340 225 1377; x_wconf 79' lang='lat' dir='ltr'>(Sat.</span> <span class='ocrx_word' id='word_1_282' title='bbox 246 1339 271 1375; x_wconf 88' lang='lat'>1,</span> <span class='ocrx_word' id='word_1_283' title='bbox 287 1339 316 1375; x_wconf 85' lang='lat'>2,</span> <span class='ocrx_word' id='word_1_284' title='bbox 335 1339 362 1374; x_wconf 94' lang='lat' dir='ltr'>l,</span> <span class='ocrx_word' id='word_1_285' title='bbox 385 1338 485 1376; x_wconf 83' lang='lat' dir='ltr'>seqq.)</span> <span class='ocrx_word' id='word_1_286' title='bbox 509 1339 659 1367; x_wconf 85' lang='lat' dir='ltr'>confusus.</span> <span class='ocrx_word' id='word_1_287' title='bbox 674 1354 715 1358; x_wconf 90' lang='lat'>—</span> <span class='ocrx_word' id='word_1_288' title='bbox 729 1337 846 1378; x_wconf 80' lang='lat' dir='ltr'>[canto]</span> <span class='ocrx_word' id='word_1_289' title='bbox 874 1339 938 1368; x_wconf 83' lang='lat' dir='ltr'>Hoc</span> <span class='ocrx_word' id='word_1_290' title='bbox 960 1338 1070 1378; x_wconf 89' lang='lat' dir='ltr'>ipsum,</span> <span class='ocrx_word' id='word_1_291' title='bbox 1091 1341 1172 1378; x_wconf 86' lang='lat' dir='ltr'>quod</span> <span class='ocrx_word' id='word_1_292' title='bbox 1193 1346 1226 1369; x_wconf 88' lang='lat' dir='ltr'>ut</span> <span class='ocrx_word' id='word_1_293' title='bbox 1249 1341 1371 1370; x_wconf 80' lang='lat' dir='ltr'>Salustii</span> 
     </span>
     <span class='ocr_line' id='line_1_30' title="bbox 145 1381 1372 1420; baseline 0.002 -10"><span class='ocrx_word' id='word_1_294' title='bbox 145 1382 324 1420; x_wconf 88' lang='lat' dir='ltr'>Sempronia</span> <span class='ocrx_word' id='word_1_295' title='bbox 338 1382 369 1410; x_wconf 89' lang='lat' dir='ltr'>in</span> <span class='ocrx_word' id='word_1_296' title='bbox 385 1381 525 1410; x_wconf 88' lang='lat' dir='ltr'>omnibus</span> <span class='ocrx_word' id='word_1_297' title='bbox 542 1381 587 1409; x_wconf 85' lang='lat' dir='ltr'>his</span> <span class='ocrx_word' id='word_1_298' title='bbox 602 1381 749 1409; x_wconf 81' lang='lat' dir='ltr'>excellere</span> <span class='ocrx_word' id='word_1_299' title='bbox 764 1391 806 1416; x_wconf 89' lang='lat' dir='ltr'>se,</span> <span class='ocrx_word' id='word_1_300' title='bbox 823 1381 855 1410; x_wconf 86' lang='lat' dir='ltr'>in</span> <span class='ocrx_word' id='word_1_301' title='bbox 873 1382 933 1410; x_wconf 64' lang='lat' dir='ltr'>una</span> <span class='ocrx_word' id='word_1_302' title='bbox 952 1387 1016 1411; x_wconf 88' lang='lat' dir='ltr'>arte</span> <span class='ocrx_word' id='word_1_303' title='bbox 1033 1382 1125 1411; x_wconf 87' lang='lat' dir='ltr'>etiam</span> <span class='ocrx_word' id='word_1_304' title='bbox 1146 1382 1372 1420; x_wconf 82' lang='lat' dir='ltr'>Hermogenem</span> 
     </span>
     <span class='ocr_line' id='line_1_31' title="bbox 144 1423 1372 1462; baseline 0.002 -10"><span class='ocrx_word' id='word_1_305' title='bbox 144 1424 232 1453; x_wconf 87' lang='lat' dir='ltr'>illum</span> <span class='ocrx_word' id='word_1_306' title='bbox 250 1423 376 1453; x_wconf 85' lang='lat' dir='ltr'>Horatio</span> <span class='ocrx_word' id='word_1_307' title='bbox 389 1430 547 1461; x_wconf 81' lang='lat' dir='ltr'>tantopere</span> <span class='ocrx_word' id='word_1_308' title='bbox 562 1433 687 1452; x_wconf 84' lang='lat' dir='ltr'>exosum</span> <span class='ocrx_word' id='word_1_309' title='bbox 703 1432 844 1461; x_wconf 87' lang='lat' dir='ltr'>superare</span> <span class='ocrx_word' id='word_1_310' title='bbox 855 1424 950 1462; x_wconf 87' lang='lat' dir='ltr'>jactat</span> <span class='ocrx_word' id='word_1_311' title='bbox 966 1424 1056 1453; x_wconf 86' lang='lat' dir='ltr'>homo</span> <span class='ocrx_word' id='word_1_312' title='bbox 1073 1424 1263 1460; x_wconf 84' lang='lat' dir='ltr'>vanissimus,</span> <span class='ocrx_word' id='word_1_313' title='bbox 1279 1425 1372 1455; x_wconf 89' lang='lat' dir='ltr'>bilem</span> 
     </span>
     <span class='ocr_line' id='line_1_32' title="bbox 145 1465 1372 1505; baseline 0.001 -10"><span class='ocrx_word' id='word_1_314' title='bbox 145 1472 246 1496; x_wconf 85' lang='lat' dir='ltr'>movet</span> <span class='ocrx_word' id='word_1_315' title='bbox 261 1472 370 1504; x_wconf 83' lang='lat' dir='ltr'>poetae,</span> <span class='ocrx_word' id='word_1_316' title='bbox 385 1465 427 1495; x_wconf 86' lang='lat' dir='ltr'>ita</span> <span class='ocrx_word' id='word_1_317' title='bbox 450 1472 482 1494; x_wconf 92' lang='lat' dir='ltr'>ut</span> <span class='ocrx_word' id='word_1_318' title='bbox 504 1466 584 1494; x_wconf 87' lang='lat' dir='ltr'>hunc</span> <span class='ocrx_word' id='word_1_319' title='bbox 607 1475 776 1494; x_wconf 88' lang='lat' dir='ltr'>sermonem</span> <span class='ocrx_word' id='word_1_320' title='bbox 800 1466 920 1495; x_wconf 89' lang='lat' dir='ltr'>tandem</span> <span class='ocrx_word' id='word_1_321' title='bbox 943 1467 1087 1504; x_wconf 85' lang='lat' dir='ltr'>praecidat</span> <span class='ocrx_word' id='word_1_322' title='bbox 1101 1466 1255 1505; x_wconf 88' lang='lat' dir='ltr'>aliumque</span> <span class='ocrx_word' id='word_1_323' title='bbox 1271 1467 1372 1497; x_wconf 83' lang='lat' dir='ltr'>minus</span> 
     </span>
     <span class='ocr_line' id='line_1_33' title="bbox 144 1507 1372 1546; baseline 0.001 -8"><span class='ocrx_word' id='word_1_324' title='bbox 144 1514 225 1538; x_wconf 86' lang='lat' dir='ltr'>certe</span> <span class='ocrx_word' id='word_1_325' title='bbox 241 1509 401 1537; x_wconf 82' lang='lat' dir='ltr'>molestum</span> <span class='ocrx_word' id='word_1_326' title='bbox 417 1517 537 1537; x_wconf 88' lang='lat' dir='ltr'>movere</span> <span class='ocrx_word' id='word_1_327' title='bbox 553 1514 685 1537; x_wconf 88' lang='lat' dir='ltr'>conetur.</span> <span class='ocrx_word' id='word_1_328' title='bbox 724 1507 897 1536; x_wconf 78' lang='lat' dir='ltr'>Sciscitatur</span> <span class='ocrx_word' id='word_1_329' title='bbox 911 1517 983 1546; x_wconf 85' lang='lat' dir='ltr'>ergo</span> <span class='ocrx_word' id='word_1_330' title='bbox 998 1509 1036 1537; x_wconf 89' lang='lat' dir='ltr'>de</span> <span class='ocrx_word' id='word_1_331' title='bbox 1050 1508 1166 1538; x_wconf 65' lang='lat' dir='ltr'>familia</span> <span class='ocrx_word' id='word_1_332' title='bbox 1179 1509 1322 1544; x_wconf 87' lang='lat' dir='ltr'>hominis,</span> <span class='ocrx_word' id='word_1_333' title='bbox 1338 1515 1372 1539; x_wconf 92' lang='lat' dir='ltr'>ut</span> 
     </span>
     <span class='ocr_line' id='line_1_34' title="bbox 143 1548 1372 1590; baseline 0.001 -10"><span class='ocrx_word' id='word_1_334' title='bbox 143 1551 241 1580; x_wconf 89' lang='lat' dir='ltr'>solent</span> <span class='ocrx_word' id='word_1_335' title='bbox 257 1551 309 1589; x_wconf 90' lang='lat' dir='ltr'>qui</span> <span class='ocrx_word' id='word_1_336' title='bbox 324 1551 456 1590; x_wconf 86' lang='lat' dir='ltr'>primum</span> <span class='ocrx_word' id='word_1_337' title='bbox 475 1550 612 1579; x_wconf 85' lang='lat' dir='ltr'>notitiam</span> <span class='ocrx_word' id='word_1_338' title='bbox 628 1550 820 1579; x_wconf 83' lang='lat' dir='ltr'>contrahunt.</span> <span class='ocrx_word' id='word_1_339' title='bbox 831 1566 872 1571; x_wconf 92' lang='lat'><strong>—</strong></span> <span class='ocrx_word' id='word_1_340' title='bbox 887 1548 972 1590; x_wconf 68' lang='lat' dir='ltr'>[quis</span> <span class='ocrx_word' id='word_1_341' title='bbox 987 1554 1015 1580; x_wconf 85' lang='lat' dir='ltr'>te</span> <span class='ocrx_word' id='word_1_342' title='bbox 1029 1549 1125 1589; x_wconf 78' lang='lat' dir='ltr'>salvo]</span> <span class='ocrx_word' id='word_1_343' title='bbox 1142 1554 1150 1567; x_wconf 81' lang='lat'><em>⁶</em></span> <span class='ocrx_word' id='word_1_344' title='bbox 1160 1551 1270 1589; x_wconf 86' lang='lat' dir='ltr'>quibus</span> <span class='ocrx_word' id='word_1_345' title='bbox 1284 1559 1372 1590; x_wconf 87' lang='lat' dir='ltr'>opta-</span> 
     </span>
     <span class='ocr_line' id='line_1_35' title="bbox 143 1592 672 1623; baseline -0.004 -1"><span class='ocrx_word' id='word_1_346' title='bbox 143 1593 204 1622; x_wconf 83' lang='lat' dir='ltr'>bile</span> <span class='ocrx_word' id='word_1_347' title='bbox 220 1598 250 1622; x_wconf 87' lang='lat' dir='ltr'>et</span> <span class='ocrx_word' id='word_1_348' title='bbox 265 1593 338 1623; x_wconf 85' lang='lat' dir='ltr'>utile</span> <span class='ocrx_word' id='word_1_349' title='bbox 353 1600 398 1622; x_wconf 88' lang='lat' dir='ltr'>est</span> <span class='ocrx_word' id='word_1_350' title='bbox 413 1598 441 1621; x_wconf 87' lang='lat' dir='ltr'>te</span> <span class='ocrx_word' id='word_1_351' title='bbox 457 1593 573 1622; x_wconf 84' lang='lat' dir='ltr'>salvum</span> <span class='ocrx_word' id='word_1_352' title='bbox 588 1592 672 1621; x_wconf 63' lang='lat' dir='ltr'>esse!</span> 
     </span>
    </p>

    <p class='ocr_par' dir='ltr' id='par_1_5' title="bbox 139 1631 1381 2352">
     <span class='ocr_line' id='line_1_36' title="bbox 185 1631 1371 1674; baseline 0.001 -9"><span class='ocrx_word' id='word_1_353' title='bbox 185 1635 322 1665; x_wconf 81' lang='lat'>28—-34,</span> <span class='ocrx_word' id='word_1_354' title='bbox 346 1632 520 1674; x_wconf 84' lang='lat' dir='ltr'>[composui]</span> <span class='ocrx_word' id='word_1_355' title='bbox 538 1640 571 1663; x_wconf 88' lang='lat' dir='ltr'>ut</span> <span class='ocrx_word' id='word_1_356' title='bbox 587 1631 818 1674; x_wconf 82' lang='grc' dir='ltr'>περιστέλλειν,</span> <span class='ocrx_word' id='word_1_357' title='bbox 833 1635 920 1670; x_wconf 78' lang='lat' dir='ltr'>inter,</span> <span class='ocrx_word' id='word_1_358' title='bbox 935 1635 973 1664; x_wconf 89' lang='lat' dir='ltr'>de</span> <span class='ocrx_word' id='word_1_359' title='bbox 987 1635 1153 1674; x_wconf 69' lang='lat' dir='ltr'>sepultura,</span> <span class='ocrx_word' id='word_1_360' title='bbox 1165 1635 1196 1664; x_wconf 91' lang='lat' dir='ltr'>in</span> <span class='ocrx_word' id='word_1_361' title='bbox 1212 1635 1317 1674; x_wconf 85' lang='lat' dir='ltr'>primis</span> <span class='ocrx_word' id='word_1_362' title='bbox 1333 1636 1371 1666; x_wconf 85' lang='lat' dir='ltr'>de</span> 
     </span>
     <span class='ocr_line' id='line_1_37' title="bbox 143 1675 1371 1718; baseline 0.002 -12"><span class='ocrx_word' id='word_1_363' title='bbox 143 1677 295 1707; x_wconf 83' lang='lat' dir='ltr'>cineribus</span> <span class='ocrx_word' id='word_1_364' title='bbox 311 1678 442 1706; x_wconf 80' lang='lat' dir='ltr'>collectis</span> <span class='ocrx_word' id='word_1_365' title='bbox 454 1684 544 1715; x_wconf 86' lang='lat' dir='ltr'>atque</span> <span class='ocrx_word' id='word_1_366' title='bbox 559 1676 591 1705; x_wconf 93' lang='lat' dir='ltr'>in</span> <span class='ocrx_word' id='word_1_367' title='bbox 607 1677 682 1705; x_wconf 74' lang='lat' dir='ltr'>urna</span> <span class='ocrx_word' id='word_1_368' title='bbox 695 1676 881 1706; x_wconf 85' lang='lat' dir='ltr'>conditis.—</span> <span class='ocrx_word' id='word_1_369' title='bbox 893 1675 1041 1717; x_wconf 79' lang='lat' dir='ltr'>[Felices]</span> <span class='ocrx_word' id='word_1_370' title='bbox 1060 1679 1067 1693; x_wconf 92' lang='lat'>‘</span> <span class='ocrx_word' id='word_1_371' title='bbox 1077 1687 1123 1713; x_wconf 87' lang='lat' dir='ltr'>eo,</span> <span class='ocrx_word' id='word_1_372' title='bbox 1138 1679 1219 1716; x_wconf 87' lang='lat' dir='ltr'>quod</span> <span class='ocrx_word' id='word_1_373' title='bbox 1233 1687 1252 1708; x_wconf 80' lang='lat' dir='ltr'>a</span> <span class='ocrx_word' id='word_1_374' title='bbox 1266 1680 1371 1718; x_wconf 84' lang='lat' dir='ltr'>tejam</span> 
     </span>
     <span class='ocr_line' id='line_1_38' title="bbox 144 1719 1372 1758; baseline 0.001 -9"><span class='ocrx_word' id='word_1_375' title='bbox 144 1721 228 1749; x_wconf 68' lang='lat' dir='ltr'>nulla</span> <span class='ocrx_word' id='word_1_376' title='bbox 244 1720 381 1749; x_wconf 69' lang='lat' dir='ltr'>molestia</span> <span class='ocrx_word' id='word_1_377' title='bbox 396 1719 584 1748; x_wconf 70' lang='lat' dir='ltr'>afficientur.³</span> <span class='ocrx_word' id='word_1_378' title='bbox 630 1719 751 1748; x_wconf 88' lang='lat' dir='ltr'>Scilicet</span> <span class='ocrx_word' id='word_1_379' title='bbox 772 1719 836 1748; x_wconf 86' lang='lat' dir='ltr'>haec</span> <span class='ocrx_word' id='word_1_380' title='bbox 857 1719 959 1748; x_wconf 88' lang='lat' dir='ltr'>omnia</span> <span class='ocrx_word' id='word_1_381' title='bbox 975 1720 1083 1749; x_wconf 83' lang='lat' dir='ltr'>tacitus</span> <span class='ocrx_word' id='word_1_382' title='bbox 1104 1720 1147 1749; x_wconf 85' lang='lat' dir='ltr'>ait</span> <span class='ocrx_word' id='word_1_383' title='bbox 1164 1720 1320 1758; x_wconf 79' lang='lat' dir='ltr'>Horatius,</span> <span class='ocrx_word' id='word_1_384' title='bbox 1337 1726 1372 1751; x_wconf 89' lang='lat' dir='ltr'>ut</span> 
     </span>
     <span class='ocr_line' id='line_1_39' title="bbox 142 1761 1371 1800; baseline 0.002 -10"><span class='ocrx_word' id='word_1_385' title='bbox 142 1771 171 1792; x_wconf 87' lang='lat' dir='ltr'>v.</span> <span class='ocrx_word' id='word_1_386' title='bbox 190 1762 237 1797; x_wconf 88' lang='grc'><strong>12,</strong></span> <span class='ocrx_word' id='word_1_387' title='bbox 254 1763 285 1791; x_wconf 94' lang='lat' dir='ltr'>id</span> <span class='ocrx_word' id='word_1_388' title='bbox 301 1762 380 1800; x_wconf 88' lang='lat' dir='ltr'>quod</span> <span class='ocrx_word' id='word_1_389' title='bbox 396 1771 434 1790; x_wconf 86' lang='lat' dir='ltr'>ex</span> <span class='ocrx_word' id='word_1_390' title='bbox 449 1771 484 1790; x_wconf 88' lang='lat' dir='ltr'>eo</span> <span class='ocrx_word' id='word_1_391' title='bbox 499 1762 608 1796; x_wconf 90' lang='lat' dir='ltr'>elucet,</span> <span class='ocrx_word' id='word_1_392' title='bbox 630 1761 709 1799; x_wconf 90' lang='lat' dir='ltr'>quod</span> <span class='ocrx_word' id='word_1_393' title='bbox 733 1761 808 1790; x_wconf 84' lang='lat' dir='ltr'>alter</span> <span class='ocrx_word' id='word_1_394' title='bbox 830 1762 867 1790; x_wconf 86' lang='lat' dir='ltr'>ad</span> <span class='ocrx_word' id='word_1_395' title='bbox 891 1767 952 1790; x_wconf 86' lang='lat' dir='ltr'>tam</span> <span class='ocrx_word' id='word_1_396' title='bbox 974 1762 1081 1791; x_wconf 84' lang='lat' dir='ltr'>miram</span> <span class='ocrx_word' id='word_1_397' title='bbox 1105 1763 1309 1792; x_wconf 77' lang='lat' dir='ltr'>narrationem</span> <span class='ocrx_word' id='word_1_398' title='bbox 1332 1772 1371 1794; x_wconf 80' lang='lat' dir='ltr'>ne</span> 
     </span>
     <span class='ocr_line' id='line_1_40' title="bbox 143 1801 1381 1844; baseline 0.002 -11"><span class='ocrx_word' id='word_1_399' title='bbox 143 1805 270 1834; x_wconf 88' lang='lat' dir='ltr'>verbum</span> <span class='ocrx_word' id='word_1_400' title='bbox 300 1804 422 1842; x_wconf 88' lang='lat' dir='ltr'>quidem</span> <span class='ocrx_word' id='word_1_401' title='bbox 450 1804 619 1842; x_wconf 85' lang='lat' dir='ltr'>respondet.</span> <span class='ocrx_word' id='word_1_402' title='bbox 634 1820 676 1824; x_wconf 96' lang='lat'>—</span> <span class='ocrx_word' id='word_1_403' title='bbox 693 1801 844 1843; x_wconf 80' lang='lat' dir='ltr'>[Sabella]</span> <span class='ocrx_word' id='word_1_404' title='bbox 875 1813 951 1834; x_wconf 88' lang='lat' dir='ltr'>anus</span> <span class='ocrx_word' id='word_1_405' title='bbox 981 1803 1092 1834; x_wconf 87' lang='lat' dir='ltr'>Sabina</span> <span class='ocrx_word' id='word_1_406' title='bbox 1121 1805 1272 1843; x_wconf 84' lang='lat' dir='ltr'>sortilega,</span> <span class='ocrx_word' id='word_1_407' title='bbox 1301 1815 1381 1844; x_wconf 69' lang='lat' dir='ltr'>quoe‘</span> 
     </span>
     <span class='ocr_line' id='line_1_41' title="bbox 143 1845 1370 1886; baseline 0.002 -10"><span class='ocrx_word' id='word_1_408' title='bbox 143 1847 312 1884; x_wconf 82' lang='lat' dir='ltr'>quaesticuli</span> <span class='ocrx_word' id='word_1_409' title='bbox 341 1847 431 1875; x_wconf 68' lang='lat' dir='ltr'>causa</span> <span class='ocrx_word' id='word_1_410' title='bbox 460 1845 673 1884; x_wconf 82' lang='lat' dir='ltr'>superstitiosis</span> <span class='ocrx_word' id='word_1_411' title='bbox 703 1845 917 1875; x_wconf 84' lang='lat' dir='ltr'>hariolabatur.</span> <span class='ocrx_word' id='word_1_412' title='bbox 962 1847 1019 1876; x_wconf 88' lang='lat' dir='ltr'>Per</span> <span class='ocrx_word' id='word_1_413' title='bbox 1047 1856 1078 1876; x_wconf 88' lang='lat' dir='ltr'>se</span> <span class='ocrx_word' id='word_1_414' title='bbox 1107 1852 1189 1886; x_wconf 88' lang='lat' dir='ltr'>patet</span> <span class='ocrx_word' id='word_1_415' title='bbox 1214 1857 1279 1877; x_wconf 89' lang='lat' dir='ltr'>rem</span> <span class='ocrx_word' id='word_1_416' title='bbox 1305 1857 1370 1878; x_wconf 87' lang='lat' dir='ltr'>esse</span> 
     </span>
     <span class='ocr_line' id='line_1_42' title="bbox 143 1886 1370 1928; baseline 0.001 -10"><span class='ocrx_word' id='word_1_417' title='bbox 143 1889 310 1919; x_wconf 82' lang='lat' dir='ltr'>fictam.-</span> <span class='ocrx_word' id='word_1_418' title='bbox 325 1886 459 1927; x_wconf 77' lang='grc' dir='ltr'><strong><em>[άίυἰηά]</em></strong></span> <span class='ocrx_word' id='word_1_419' title='bbox 485 1889 643 1923; x_wconf 84' lang='lat' dir='ltr'>Construe,</span> <span class='ocrx_word' id='word_1_420' title='bbox 665 1898 738 1917; x_wconf 84' lang='lat' dir='ltr'>anus</span> <span class='ocrx_word' id='word_1_421' title='bbox 763 1891 840 1918; x_wconf 75' lang='lat' dir='ltr'>mom</span> <span class='ocrx_word' id='word_1_422' title='bbox 865 1890 941 1918; x_wconf 73' lang='lat' dir='ltr'>urna</span> <span class='ocrx_word' id='word_1_423' title='bbox 963 1889 1073 1924; x_wconf 72' lang='lat' dir='ltr'>divina,</span> <span class='ocrx_word' id='word_1_424' title='bbox 1098 1891 1274 1928; x_wconf 84' lang='lat' dir='ltr'>‘postquam</span> <span class='ocrx_word' id='word_1_425' title='bbox 1297 1900 1370 1919; x_wconf 92' lang='lat' dir='ltr'>con-</span> 
     </span>
     <span class='ocr_line' id='line_1_43' title="bbox 142 1930 1371 1970; baseline 0.001 -9"><span class='ocrx_word' id='word_1_426' title='bbox 142 1931 284 1962; x_wconf 86' lang='lat' dir='ltr'>cussisset</span> <span class='ocrx_word' id='word_1_427' title='bbox 298 1932 437 1966; x_wconf 82' lang='lat' dir='ltr'>divinam,</span> <span class='ocrx_word' id='word_1_428' title='bbox 451 1931 483 1959; x_wconf 88' lang='lat' dir='ltr'>id</span> <span class='ocrx_word' id='word_1_429' title='bbox 498 1936 551 1965; x_wconf 89' lang='lat' dir='ltr'>est,</span> <span class='ocrx_word' id='word_1_430' title='bbox 569 1936 601 1958; x_wconf 91' lang='lat' dir='ltr'>ut</span> <span class='ocrx_word' id='word_1_431' title='bbox 623 1930 665 1959; x_wconf 85' lang='lat' dir='ltr'>ita</span> <span class='ocrx_word' id='word_1_432' title='bbox 680 1931 778 1959; x_wconf 92' lang='lat' dir='ltr'>dicam</span> <span class='ocrx_word' id='word_1_433' title='bbox 801 1931 1007 1969; x_wconf 86' lang='lat' dir='ltr'>propheticam</span> <span class='ocrx_word' id='word_1_434' title='bbox 1029 1941 1136 1960; x_wconf 90' lang='lat' dir='ltr'>urnam</span> <span class='ocrx_word' id='word_1_435' title='bbox 1157 1941 1280 1970; x_wconf 86' lang='lat' dir='ltr'>sorsque</span> <span class='ocrx_word' id='word_1_436' title='bbox 1302 1941 1371 1962; x_wconf 81' lang='lat' dir='ltr'>mea</span> 
     </span>
     <span class='ocr_line' id='line_1_44' title="bbox 142 1973 1372 2012; baseline 0.001 -9"><span class='ocrx_word' id='word_1_437' title='bbox 142 1974 334 2004; x_wconf 59' lang='lat' dir='ltr'>exsiluisset)</span> <span class='ocrx_word' id='word_1_438' title='bbox 379 1974 479 2002; x_wconf 87' lang='lat' dir='ltr'>Sortes</span> <span class='ocrx_word' id='word_1_439' title='bbox 504 1978 606 2001; x_wconf 87' lang='lat' dir='ltr'>autem</span> <span class='ocrx_word' id='word_1_440' title='bbox 631 1973 679 2002; x_wconf 84' lang='lat' dir='ltr'>hae</span> <span class='ocrx_word' id='word_1_441' title='bbox 705 1973 826 2002; x_wconf 83' lang='lat' dir='ltr'>laminae</span> <span class='ocrx_word' id='word_1_442' title='bbox 850 1979 936 2002; x_wconf 87' lang='lat' dir='ltr'>erant</span> <span class='ocrx_word' id='word_1_443' title='bbox 961 1983 1029 2003; x_wconf 89' lang='lat' dir='ltr'>cum</span> <span class='ocrx_word' id='word_1_444' title='bbox 1051 1974 1246 2012; x_wconf 83' lang='lat' dir='ltr'>inscriptione</span> <span class='ocrx_word' id='word_1_445' title='bbox 1267 1974 1372 2012; x_wconf 57' lang='lat' dir='ltr'>aliqua</span> 
     </span>
     <span class='ocr_line' id='line_1_45' title="bbox 142 2015 1370 2056; baseline 0 -10"><span class='ocrx_word' id='word_1_446' title='bbox 142 2017 296 2054; x_wconf 64' lang='lat' dir='ltr'>ambigua,</span> <span class='ocrx_word' id='word_1_447' title='bbox 313 2025 403 2054; x_wconf 89' lang='lat' dir='ltr'>quam</span> <span class='ocrx_word' id='word_1_448' title='bbox 427 2015 559 2052; x_wconf 84' lang='lat' dir='ltr'>sortilegi</span> <span class='ocrx_word' id='word_1_449' title='bbox 582 2024 636 2053; x_wconf 90' lang='lat' dir='ltr'>pro</span> <span class='ocrx_word' id='word_1_450' title='bbox 658 2021 793 2053; x_wconf 89' lang='lat' dir='ltr'>tempore</span> <span class='ocrx_word' id='word_1_451' title='bbox 809 2016 1093 2054; x_wconf 80' lang='lat' dir='ltr'>interpretabantur.</span> <span class='ocrx_word' id='word_1_452' title='bbox 1138 2016 1199 2045; x_wconf 83' lang='lat' dir='ltr'>Csr.</span> <span class='ocrx_word' id='word_1_453' title='bbox 1216 2017 1370 2056; x_wconf 85' lang='lat' dir='ltr'>Inscriptt.</span> 
     </span>
     <span class='ocr_line' id='line_1_46' title="bbox 143 2055 1371 2096; baseline 0.002 -9"><span class='ocrx_word' id='word_1_454' title='bbox 143 2068 183 2087; x_wconf 90' lang='lat' dir='ltr'>m.</span> <span class='ocrx_word' id='word_1_455' title='bbox 213 2059 278 2088; x_wconf 84' lang='lat' dir='ltr'>Lat.</span> <span class='ocrx_word' id='word_1_456' title='bbox 309 2068 338 2087; x_wconf 89' lang='lat' dir='ltr'>n.</span> <span class='ocrx_word' id='word_1_457' title='bbox 364 2058 456 2088; x_wconf 77' lang='lat'>2485.</span> <span class='ocrx_word' id='word_1_458' title='bbox 474 2073 514 2078; x_wconf 92' lang='lat'>—</span> <span class='ocrx_word' id='word_1_459' title='bbox 531 2055 689 2096; x_wconf 78' lang='lat' dir='ltr'>[hosticus]</span> <span class='ocrx_word' id='word_1_460' title='bbox 719 2057 816 2086; x_wconf 88' lang='lat' dir='ltr'>forma</span> <span class='ocrx_word' id='word_1_461' title='bbox 837 2058 954 2096; x_wconf 86' lang='lat' dir='ltr'>poetica</span> <span class='ocrx_word' id='word_1_462' title='bbox 979 2059 1069 2087; x_wconf 85' lang='lat' dir='ltr'>ducta</span> <span class='ocrx_word' id='word_1_463' title='bbox 1093 2067 1131 2087; x_wconf 83' lang='lat' dir='ltr'>ex</span> <span class='ocrx_word' id='word_1_464' title='bbox 1155 2058 1288 2096; x_wconf 86' lang='lat' dir='ltr'>antiquis</span> <span class='ocrx_word' id='word_1_465' title='bbox 1310 2059 1371 2090; x_wconf 80' lang='lat' dir='ltr'>illis</span> 
     </span>
     <span class='ocr_line' id='line_1_47' title="bbox 141 2100 1370 2139; baseline 0.001 -9"><span class='ocrx_word' id='word_1_466' title='bbox 141 2100 279 2130; x_wconf 77' lang='lat' dir='ltr'>formulis</span> <span class='ocrx_word' id='word_1_467' title='bbox 294 2102 420 2130; x_wconf 72' lang='lat' dir='ltr'>hosticus</span> <span class='ocrx_word' id='word_1_468' title='bbox 433 2110 506 2138; x_wconf 80' lang='lat' dir='ltr'>ager</span> <span class='ocrx_word' id='word_1_469' title='bbox 521 2106 550 2128; x_wconf 88' lang='lat' dir='ltr'>et</span> <span class='ocrx_word' id='word_1_470' title='bbox 565 2101 704 2129; x_wconf 82' lang='lat' dir='ltr'>hosticum</span> <span class='ocrx_word' id='word_1_471' title='bbox 717 2110 831 2135; x_wconf 82' lang='lat' dir='ltr'>canere,</span> <span class='ocrx_word' id='word_1_472' title='bbox 851 2106 884 2129; x_wconf 92' lang='lat' dir='ltr'>ut</span> <span class='ocrx_word' id='word_1_473' title='bbox 897 2101 1004 2130; x_wconf 73' lang='lat' dir='ltr'>civicus</span> <span class='ocrx_word' id='word_1_474' title='bbox 1019 2107 1049 2130; x_wconf 89' lang='lat' dir='ltr'>et</span> <span class='ocrx_word' id='word_1_475' title='bbox 1065 2100 1160 2130; x_wconf 83' lang='lat' dir='ltr'>Taciti</span> <span class='ocrx_word' id='word_1_476' title='bbox 1173 2102 1370 2139; x_wconf 71' lang='lat' dir='ltr'>genricus.—</span> 
     </span>
     <span class='ocr_line' id='line_1_48' title="bbox 145 2140 1370 2182; baseline 0.001 -10"><span class='ocrx_word' id='word_1_477' title='bbox 145 2141 253 2182; x_wconf 78' lang='lat' dir='ltr'>[ensis]</span> <span class='ocrx_word' id='word_1_478' title='bbox 271 2143 363 2172; x_wconf 91' lang='lat' dir='ltr'>veluti</span> <span class='ocrx_word' id='word_1_479' title='bbox 385 2143 416 2171; x_wconf 92' lang='lat' dir='ltr'>in</span> <span class='ocrx_word' id='word_1_480' title='bbox 431 2142 494 2172; x_wconf 86' lang='lat' dir='ltr'>acie</span> <span class='ocrx_word' id='word_1_481' title='bbox 511 2141 708 2180; x_wconf 88' lang='lat' dir='ltr'>Philippensi.</span> <span class='ocrx_word' id='word_1_482' title='bbox 719 2157 760 2163; x_wconf 93' lang='lat'><strong>—</strong></span> <span class='ocrx_word' id='word_1_483' title='bbox 774 2140 915 2181; x_wconf 79' lang='lat' dir='ltr'>[laterum</span> <span class='ocrx_word' id='word_1_484' title='bbox 935 2141 1031 2182; x_wconf 84' lang='lat' dir='ltr'>dolor]</span> <span class='ocrx_word' id='word_1_485' title='bbox 1055 2142 1200 2182; x_wconf 85' lang='lat' dir='ltr'>pleuritis.</span> <span class='ocrx_word' id='word_1_486' title='bbox 1224 2144 1370 2173; x_wconf 53' lang='lat' dir='ltr'>Solum—-</span> 
     </span>
     <span class='ocr_line' id='line_1_49' title="bbox 145 2182 1370 2224; baseline 0 -10"><span class='ocrx_word' id='word_1_487' title='bbox 145 2183 268 2224; x_wconf 81' lang='lat' dir='ltr'>[tussis]</span> <span class='ocrx_word' id='word_1_488' title='bbox 297 2185 437 2224; x_wconf 84' lang='lat' dir='ltr'>phthisis,</span> <span class='ocrx_word' id='word_1_489' title='bbox 466 2182 743 2223; x_wconf 60' lang='lat' dir='ltr'>tabee—[tarda]</span> <span class='ocrx_word' id='word_1_490' title='bbox 767 2185 933 2220; x_wconf 85' lang='lat' dir='ltr'>transitive,</span> <span class='ocrx_word' id='word_1_491' title='bbox 958 2186 1047 2223; x_wconf 82' lang='lat' dir='ltr'>‘quae</span> <span class='ocrx_word' id='word_1_492' title='bbox 1073 2185 1171 2214; x_wconf 88' lang='lat' dir='ltr'>tardos</span> <span class='ocrx_word' id='word_1_493' title='bbox 1197 2185 1370 2215; x_wconf 84' lang='lat' dir='ltr'>reddit.&#39;-</span> 
     </span>
     <span class='ocr_line' id='line_1_50' title="bbox 144 2226 1369 2266; baseline 0.001 -10"><span class='ocrx_word' id='word_1_494' title='bbox 144 2228 225 2257; x_wconf 85' lang='lat' dir='ltr'>Nota</span> <span class='ocrx_word' id='word_1_495' title='bbox 240 2228 349 2257; x_wconf 88' lang='lat' dir='ltr'>tmesin</span> <span class='ocrx_word' id='word_1_496' title='bbox 365 2237 391 2257; x_wconf 78' lang='lat' dir='ltr'>v,</span> <span class='ocrx_word' id='word_1_497' title='bbox 408 2228 645 2266; x_wconf 83' lang='lat' dir='ltr'>quandocunque,</span> <span class='ocrx_word' id='word_1_498' title='bbox 669 2226 844 2265; x_wconf 86' lang='lat' dir='ltr'>aliquando,</span> <span class='ocrx_word' id='word_1_499' title='bbox 867 2232 900 2256; x_wconf 90' lang='lat' dir='ltr'>ut</span> <span class='ocrx_word' id='word_1_500' title='bbox 923 2227 1011 2256; x_wconf 85' lang='lat' dir='ltr'>Ovid.</span> <span class='ocrx_word' id='word_1_501' title='bbox 1035 2227 1108 2257; x_wconf 82' lang='lat' dir='ltr'>Met.</span> <span class='ocrx_word' id='word_1_502' title='bbox 1123 2226 1152 2262; x_wconf 84' lang='lat'>6,</span> <span class='ocrx_word' id='word_1_503' title='bbox 1168 2227 1240 2262; x_wconf 80' lang='lat'>544,</span> <span class='ocrx_word' id='word_1_504' title='bbox 1264 2229 1291 2257; x_wconf 79' lang='lat' dir='ltr'>si</span> <span class='ocrx_word' id='word_1_505' title='bbox 1311 2238 1369 2258; x_wconf 77' lang='lat' dir='ltr'>non</span> 
     </span>
     <span class='ocr_line' id='line_1_51' title="bbox 139 2267 1370 2309; baseline 0.001 -10"><span class='ocrx_word' id='word_1_506' title='bbox 139 2271 294 2309; x_wconf 81' lang='lat' dir='ltr'>perierunt</span> <span class='ocrx_word' id='word_1_507' title='bbox 316 2271 412 2299; x_wconf 83' lang='lat' dir='ltr'>omnia</span> <span class='ocrx_word' id='word_1_508' title='bbox 431 2280 549 2306; x_wconf 81' lang='lat' dir='ltr'>mecum,</span> <span class='ocrx_word' id='word_1_509' title='bbox 573 2270 806 2309; x_wconf 64' lang='lat' dir='ltr'>Quandocumque</span> <span class='ocrx_word' id='word_1_510' title='bbox 828 2270 900 2298; x_wconf 77' lang='lat' dir='ltr'>mihi</span> <span class='ocrx_word' id='word_1_511' title='bbox 921 2279 1024 2308; x_wconf 82' lang='lat' dir='ltr'>poenas</span> <span class='ocrx_word' id='word_1_512' title='bbox 1037 2267 1370 2308; x_wconf 48' lang='lat' dir='ltr'>dubim—[adoleverit</span> 
     </span>
     <span class='ocr_line' id='line_1_52' title="bbox 143 2310 1368 2352; baseline -0.001 -9"><span class='ocrx_word' id='word_1_513' title='bbox 143 2310 232 2352; x_wconf 76' lang='lat' dir='ltr'>aetas]</span> <span class='ocrx_word' id='word_1_514' title='bbox 247 2312 340 2342; x_wconf 82' lang='lat' dir='ltr'>etiam</span> <span class='ocrx_word' id='word_1_515' title='bbox 355 2312 386 2342; x_wconf 90' lang='lat' dir='ltr'>in</span> <span class='ocrx_word' id='word_1_516' title='bbox 401 2313 491 2351; x_wconf 66' lang='lat' dir='ltr'>prosa</span> <span class='ocrx_word' id='word_1_517' title='bbox 506 2321 549 2343; x_wconf 87' lang='lat' dir='ltr'>or.</span> <span class='ocrx_word' id='word_1_518' title='bbox 586 2311 648 2342; x_wconf 89' lang='lat' dir='ltr'>Cic.</span> <span class='ocrx_word' id='word_1_519' title='bbox 665 2311 748 2342; x_wconf 85' lang='lat' dir='ltr'>Verr.</span> <span class='ocrx_word' id='word_1_520' title='bbox 760 2312 790 2348; x_wconf 83' lang='lat'>2,</span> <span class='ocrx_word' id='word_1_521' title='bbox 805 2311 835 2349; x_wconf 85' lang='lat'>3,</span> <span class='ocrx_word' id='word_1_522' title='bbox 848 2311 898 2349; x_wconf 86' lang='lat'>68,</span> <span class='ocrx_word' id='word_1_523' title='bbox 913 2315 1001 2343; x_wconf 80' lang='lat' dir='ltr'>aetate</span> <span class='ocrx_word' id='word_1_524' title='bbox 1015 2312 1129 2342; x_wconf 76' lang='lat' dir='ltr'>adulta.</span> <span class='ocrx_word' id='word_1_525' title='bbox 1166 2311 1252 2342; x_wconf 84' lang='lat' dir='ltr'>Ficto</span> <span class='ocrx_word' id='word_1_526' title='bbox 1265 2317 1368 2342; x_wconf 90' lang='lat' dir='ltr'>autem</span> 
     </span>
    </p>
   </div>
  </div>
 </body>
</html>
