1390 2586
433 89 698 120 summum
729 90 818 117 LIB.
842 90 870 117 1.
891 78 931 117 3.
1288 78 1311 116 7

63 191 286 237 Nobiscum
307 191 421 239 vivit,
444 191 617 234 multum
639 191 837 233 demissus
859 191 1004 240 hom03
1036 190 1094 232 illi

63 249 201 292 Tardo
222 263 450 306 cognomen
468 250 613 306 pingui
637 260 678 291 et
699 249 852 290 damus.
918 248 1001 290 Hic
1021 248 1130 306 fugit
1151 263 1292 289 omnes

63 307 248 358 Insidias,
272 307 456 363 nullique
478 307 584 348 malo
606 307 710 348 latus
730 307 844 348 obdit
863 316 1063 362 apertum,

63 364 204 414 Quum
225 381 357 421 genus
379 365 455 407 hoc
475 365 582 407 inter
603 365 697 407 vitae
718 374 914 414 versetur,
940 365 1007 405 ubi
1029 364 1131 405 acris
1257 367 1311 404 60

61 421 223 465 Invidia
241 433 366 479 atque
388 424 532 480 vigent
551 423 621 464 ubi
643 422 838 464 crimina:
872 437 944 478 pro
967 422 1071 463 bene
1093 436 1190 463 sano

61 480 126 522 Ac
145 495 224 521 non
247 480 424 530 incauto,
448 481 587 521 fictum
609 489 871 535 astutumque
892 495 1096 521 vocamus·

62 537 295 594 Simplicior
316 538 407 594 quis
429 546 470 579 ct
491 548 564 586 est,
584 538 744 594 qualem
770 553 833 579 me
854 553 962 593 saepe
987 535 1161 595 libfflltffl
1189 556 1214 574 :v
1242 539 1352 574 'imus’
1367 546 1390 570 Λ

59 595 293 636 Obtulerim
317 596 404 646 tibi,
430 595 651 646 Maecenas,
676 605 720 637 ut
740 595 843 636 forte
866 595 1073 651 legentem

59 651 148 694 Aut
167 654 334 695 tacitum
357 653 541 709 impellat
561 653 706 709 quovis
726 668 912 694 sermone
934 653 1151 694 molestus:
1258 657 1311 693 65

61 709 281 752 Communi
302 726 424 752 sensu
446 711 566 767 plane
588 720 710 760 caret,
735 711 955 766 inquimus.
1020 710 1151 760 Eheu,

3 796 9 799 -
59 766 196 816 Quam
221 776 373 810 temere
393 769 435 810 in
458 779 618 810 nosmet
639 769 775 824 legem
796 769 999 810 sancimus
1020 769 1204 824 iniquam
1225 767 1233 810 !

59 823 166 867 Nam
191 825 298 868 vitiis
317 841 439 868 nemo
459 826 548 868 sine
570 827 774 875 nascitur;
803 826 981 882 optimus
1002 826 1071 867 ille
1094 836 1167 876 est,

59 881 146 932 Qui
167 883 345 926 minimis
367 892 548 940 urgetur.
610 884 782 925 Amicus
803 884 945 932 dulcis,
966 892 1008 925 ut
1029 899 1192 940 aequum
1215 894 1289 930 est,

59 940 168 982 Cum
189 956 281 983 mea
301 950 538 998 compenset
558 942 667 983 vitiis
690 942 808 990 bona,
831 942 1015 997 pluribus
1038 942 1161 992 hisce,
1258 945 1309 983 70

60 997 106 1039 Si
125 998 246 1040 modo
265 999 382 1055 plura
404 999 502 1040 mihi
526 999 631 1040 bona
650 1009 758 1049 suut,
781 999 964 1049 inclinet,
987 1000 1112 1041 amari

59 1055 102 1098 Si
125 1055 255 1098 volet:
291 1056 366 1098 hac
387 1056 492 1113 lege,
515 1057 556 1098 in
582 1057 732 1099 trutina
755 1067 931 1114 ponetur
952 1057 1110 1099 eadem.

18 1149 36 1167 „v
57 1111 158 1163 Qui,
181 1129 233 1155 ne
254 1114 465 1157 tuberibus
487 1115 660 1171 propriis
682 1114 861 1156 offendat
881 1115 1070 1165 amicum,

57 1169 256 1221 Postulat,
278 1171 465 1229 ignoscet
487 1173 663 1214 verrucis
684 1172 814 1214 illius:
847 1188 1011 1228 aequum
1034 1181 1108 1223 est,

57 1227 244 1270 Peccatis
265 1229 426 1271 veniam
448 1241 683 1286 poscentem
706 1230 876 1271 reddere
898 1245 1047 1272 rursus,
1256 1234 1308 1272 75

23 1288 28 1314 ἕ
55 1284 266 1342 Denique,
289 1289 493 1343 quatenus
514 1287 648 1329 excidi
670 1288 833 1343 penitus
854 1289 997 1330 vitium
1021 1289 1104 1337 irae,

58 1343 210 1386 Cetera
229 1344 328 1386 item
350 1355 565 1400 nequeunt
584 1346 718 1387 stultis
740 1346 957 1395 haerentia;
990 1362 1062 1387 cur
1083 1361 1163 1387 non

57 1400 314 1444 Ponderibus
335 1403 592 1458 modulisque
613 1403 695 1444 suis
716 1404 818 1444 ratio
839 1404 979 1453 utitur,
1002 1419 1062 1452 ac,
1086 1419 1149 1446 res

57 1457 120 1500 Ut
140 1474 316 1515 quaeque
337 1468 411 1510 est,
436 1461 492 1502 ita
512 1461 723 1516 suppliciis
744 1461 892 1502 delicta
913 1461 1105 1503 coercet?

57 1515 103 1558 Si
123 1532 214 1572 quis
235 1533 328 1558 eum
350 1533 526 1568 servum,
550 1518 729 1574 patinam
752 1518 823 1574 qui
845 1518 987 1560 tollere
1002 1520 1142 1575 jussus
1255 1522 1309 1561 80

56 1573 246 1616 Semes'os
267 1576 398 1631 pisces
420 1576 688 1632 tepidumque
712 1575 934 1632 ligurrierit
950 1578 1034 1632 jus,

56 1630 105 1672 In
127 1647 246 1675 cruce
266 1633 441 1690 suffigat,
469 1633 663 1675 Labeone
684 1633 863 1675 insanior
884 1635 991 1676 inter
1187 1650 1210 1667 τ-
1228 1631 1390 1680 &Arsa

57 1687 187 1732 Sanos
207 1690 376 1732 dicatur.
439 1691 608 1740 Quanto
630 1692 707 1734 hoc
727 1691 917 1733 furiosius
937 1701 1062 1748 atque
1153 1692 1272 1743 [453
1303 1716 1320 1731 =
1338 1693 1390 1739 sp-

20 1748 23 1750 ’
55 1745 199 1803 Majus
220 1756 431 1802 peccatum
456 1748 542 1791 est!
591 1749 779 1791 Paullum
802 1749 976 1805 deliquit
995 1750 1163 1800 amicus,
1223 1751 1390 1793 &fison

55 1803 182 1853 Quod
203 1805 280 1847 nisi
301 1807 511 1855 concedas,
534 1807 708 1848 habeare
729 1807 909 1848 insuavis
927 1824 937 1857 3
957 1808 1127 1849 acerbus
1251 1812 1304 1850 85
1359 1797 1390 1818 ⁷²¹

55 1861 192 1904 Odisti
215 1870 257 1904 et
272 1863 394 1920 fugis,
417 1873 463 1906 ut
485 1864 697 1906 Rusonem
720 1865 878 1906 debitor
898 1864 1022 1907 aeris?

55 1917 143 1968 Qui
163 1919 255 1970 nisi,
278 1935 404 1976 quum
427 1922 560 1964 tristes
583 1922 730 1964 misero
750 1938 900 1964 venere
924 1923 1134 1972 Calendae,

44 1975 298 2034 ,Mercedem
320 1986 391 2019 aut
411 1994 598 2021 nummos
622 1980 727 2020 unde
752 1981 855 2022 unde
879 1981 1064 2029 extricat,
1087 1995 1244 2022 amaras

55 2033 253 2076 Porrecto
267 2036 418 2091 jugulo
440 2036 637 2088 historias,
661 2038 845 2094 captivus
869 2049 924 2087 ut,
947 2039 1075 2081 audit.

55 2089 163 2140 Quis
183 2093 296 2148 paria
317 2108 404 2134 esse
425 2095 510 2135 fere
532 2095 686 2150 placuit
705 2104 884 2151 peccata,
909 2096 1106 2145 laborant,
1252 2100 1305 2137 90

54 2148 197 2199 Quum
234 2158 400 2192 ventum
441 2151 492 2193 ad
528 2167 669 2193 verum
700 2162 784 2196 est:
822 2168 964 2195 sensus
996 2169 1212 2210 moresque
1243 2170 1306 2196 re-

5 2247 26 2256 „
165 2217 364 2265 pugnant,

0 2302 23 2316 .,
53 2263 196 2320 Atque
217 2266 305 2321 ipsa
325 2265 491 2316 utilitas,
509 2266 610 2323 justi
633 2282 759 2323 prope
781 2276 911 2310 mater
933 2276 974 2311 et
994 2269 1113 2325 aequi.

54 2320 195 2371 Quum
217 2333 509 2381 prorepserunt
528 2324 668 2382 primis
688 2325 879 2368 animalia
899 2326 1032 2378 terris,

666 2396 694 2424 B
715 2388 743 2424 4
