1390 2586
39 80 99 118 ἢ
110 84 138 117 ’1.
155 81 203 126 9.]
467 80 844 114 INTERPRETATIO.
1206 78 1285 122 137

38 184 251 216 humectato
265 184 406 216 omnibus
427 183 516 214 istius
538 183 675 214 hominis
697 182 848 214 similibus
871 182 1024 222 significat
1043 190 1075 212 se
1094 180 1174 211 nihil
1187 181 1287 221 magis

37 228 204 260 minari
220 238 311 268 quam
326 227 465 267 garrulos
481 237 516 257 ac
531 228 685 257 molestos.

75 271 211 308 85—37.
229 269 287 313 [ad
300 269 414 311 Vesta]
434 277 466 300 ut
478 271 534 301 Gr.
550 268 595 307 εἷς
610 268 838 306 Ἀπόλλωνος.
861 268 930 299 ‘Ad
948 269 1095 299 fornicem
1114 267 1287 298 Fabianum

35 316 182 346 exstet&
197 315 254 346 Vi&
273 314 481 345 sinistrorsum
505 324 537 344 se
560 319 778 344 converterant
800 319 957 352 tamquam
983 312 1121 342 Tiberim
1148 311 1287 351 petituri,

35 364 123 390 tran·
134 367 225 398 quem
240 359 349 389 cubare
366 359 488 388 dixerat
510 358 663 394 amicum3
687 356 928 397 progrediuntur
951 366 987 386 eo
1011 356 1088 391 vico,
1113 365 1206 394 quem
1229 356 1287 385 sub

36 401 126 432 vem
138 407 276 432 vocatum
298 402 496 436 arbitramur,
521 406 551 431 et
574 402 698 430 tandem
722 401 762 430 ad
783 400 884 429 Vestae
907 400 1056 439 templum
1080 398 1287 437 perveniunt!

35 444 138 476 Vena
163 450 266 475 autem
296 445 445 484 templum
476 445 515 474 ad
544 444 658 473 Forum
688 443 770 473 inter
797 443 984 481 Capitolium
1015 448 1045 472 et
1071 442 1288 472 Palatium.—

37 485 163 529 [ΜΔ
195 489 204 504 ¹
217 488 293 518 hora
308 488 421 518 tertia!
468 488 604 517 Martini.
620 487 649 523 4,
666 488 695 523 8,
711 488 741 522 2,
757 487 888 517 Exercet
910 497 1016 516 raucos
1038 487 1130 516 tertia
1153 486 1287 516 causidi-

35 540 144 563 Μ·-
174 530 365 571 respondere]
393 531 524 570 injure.
569 531 632 561 Cic.
650 531 736 560 Verr.
756 531 785 566 2,
808 530 835 566 l,
862 530 889 567 l,
914 531 1012 569 opinio
1033 530 1136 568 populi
1159 529 1289 559 Romani

32 572 104 614 siff,
121 574 153 605 0.
174 575 295 606 Verrem
311 576 411 605 altera
431 576 546 604 actione
568 584 775 613 responsurum
798 584 855 603 non
879 583 941 603 esse
962 583 1054 613 neque
1078 573 1119 602 ad
1131 571 1288 612 judicium

34 616 196 659 fiturum
205 629 217 648 .-
232 640 241 648 .
255 641 264 649 .
278 640 287 649 .
298 622 411 657 prees-to
426 622 480 652 est,
490 618 655 656 respondet,
666 615 890 656 defenditur.—
897 614 1037 656 [vadato]
1055 615 1064 632 ‘
1076 615 1288 645 vadimonium

21 659 128 698 rosste,
143 660 251 692 sistere
273 671 306 691 se
328 661 360 691 in
380 661 498 701 judicio
519 661 703 696 adversario,
725 661 778 699 qui
795 670 866 690 eum
883 661 1010 689 vadatus
1027 666 1102 695 erat,
1121 660 1289 689 vadimonio

32 703 238 745 obligaverat:
256 710 291 734 ut
306 705 350 735 ait
365 705 462 735 Gaius
479 704 507 740 4,
527 703 596 739 187.
613 720 656 726 --
672 703 815 744 [perdere
832 701 930 743 litem]
957 704 1006 732 Ex
1023 713 1050 733 v.
1067 703 1196 732 debebat
1211 703 1287 732 elice

36 744 84 779 “Ol
98 757 222 778 necesse
238 748 324 778 erat?
369 749 502 779 Perdere
516 748 608 783 litem,
624 757 744 777 causam
761 747 856 777 etiam
872 747 954 786 apud
968 747 1030 776 Cic.
1046 747 1083 775 de
1095 747 1180 775 Orat.
1197 745 1224 782 l,
1235 745 1287 776 36.

21 789 91 821 zi·
111 797 216 821 autem
236 791 267 821 h.
283 791 303 821 1.
319 801 440 822 summa
459 790 638 827 vadimonii,
654 791 737 830 quod
753 790 831 820 tanti
850 796 928 829 erat,
950 790 1056 829 quanti
1081 799 1139 826 res,
1163 788 1202 819 de
1226 790 1289 828 qua

20 832 202 872 litigabant.
1131 867 1134 869 Α

76 877 214 909 38—41.
239 875 291 918 [Si
304 888 350 909 me
363 875 462 917 amas]
488 877 584 908 Solita
606 877 731 917 petendi
755 877 895 907 formula.
942 877 1005 907 Cic.
1029 877 1068 907 ad
1093 876 1157 906 Att.
1180 875 1287 912 5,17:

34 919 71 952 Sl
89 922 246 962 quiequam
267 931 312 951 me
325 932 423 961 nomas,
447 923 525 951 hunc
549 922 642 951 locum
662 923 744 952 muni
756 933 766 955 ,·
790 920 863 950 huic
881 920 1108 961 ἀντίστροφον
1122 926 1169 949 est
1184 921 1290 950 amabo

34 963 122 1001 iliud,
138 965 222 996 verbi
238 964 461 1003 significatione
475 974 571 1004 prope
587 966 692 995 exuta.
738 965 791 995 Me
811 964 842 994 h.
860 964 879 993 l.
897 974 957 993 non
975 963 1176 1002 colliquescit,
1200 969 1236 993 ut
1255 963 1289 993 in

34 1006 96 1038 alio
114 1008 324 1047 monosyllabo
349 1009 410 1038 Sat.
435 1008 465 1044 2,
493 1009 522 1044 2,
546 1008 606 1038 28:
630 1019 701 1038 num
723 1009 811 1038 adest
832 1009 923 1037 honor
946 1008 1032 1038 idem.
1049 1023 1092 1028 —-
1108 1004 1190 1046 [hic]
1216 1007 1289 1037 ‘ubi

0 1081 1 1090 ἵ
34 1059 118 1082 nune
131 1060 247 1088 numus,
269 1051 302 1081 in
320 1051 419 1082 Foro!
434 1067 477 1073 -—
494 1049 598 1091 [ades]
625 1052 725 1081 Plaut.
752 1051 864 1090 Amph.
883 1051 912 1087 4,
929 1051 958 1086 3,
976 1051 1005 1087 3,
1034 1052 1148 1087 Quaeso,
1174 1055 1208 1080 ut
1231 1051 1288 1080 ad-

0 1094 237 1125 'vmmmihi
250 1095 342 1126 adsis.
357 1111 400 1117 —
416 1093 596 1135 [Inteream,
618 1097 646 1126 si
666 1092 765 1135 valeo]
791 1094 922 1124 Solitum
939 1095 1005 1124 hoc.
1052 1094 1115 1124 Cic.
1139 1094 1179 1124 ad
1202 1094 1289 1124 Fam.

15 1140 21 1158 '³
36 1134 85 1175 ll,
96 1137 148 1174 23,
165 1147 298 1178 peream,
312 1139 340 1168 si
355 1136 507 1178 te—serre
518 1143 671 1178 poterunt.
686 1156 729 1160 —
744 1135 860 1179 [stare]
877 1137 909 1167 in
920 1139 1003 1177 Jure‚
1026 1138 1107 1176 apud
1125 1147 1290 1176 recupera-

33 1184 125 1212 tores.
138 1196 182 1204 —
198 1179 270 1222 [aut
283 1179 367 1221 novi]
385 1183 393 1198 ‘
406 1191 463 1212 nec
478 1187 640 1221 propterea
655 1181 814 1212 advocatio
831 1191 899 1211 mea
915 1187 944 1210 te
961 1181 1131 1220 quidquam
1142 1181 1291 1220 juvaret!

33 1238 78 1247 -
92 1221 187 1265 [rem]
204 1226 223 1241 ‘⁶
235 1235 291 1264 pro
305 1225 369 1256 lite,
415 1225 464 1255 Sic
480 1230 511 1255 et
530 1225 563 1255 in
585 1226 703 1264 legibus
724 1225 872 1264 scriptum
892 1225 1026 1254 inveniri
1046 1223 1134 1260 solet,
1150 1235 1212 1255 rem
1227 1226 1290 1255 sive

14 1267 148 1299 ‘litem-’¹
172 1268 280 1308 Porph.
326 1269 424 1298 Varro
446 1269 480 1298 L.
504 1268 538 1298 L.
560 1268 589 1304 7,
608 1269 660 1305 93,
686 1270 723 1299 In
743 1269 912 1299 actionibus
934 1269 1067 1299 videmus
1087 1269 1170 1298 dici.-
1194 1276 1290 1301 QVAM

14 1323 19 1329 =
34 1317 110 1341 uu
126 1318 201 1341 srva
214 1319 365 1342 th'rssu
381 1319 508 1341 meniu-z
524 1320 692 1342 OPORTET.

77 1354 213 1385 43—48.
238 1352 423 1395 [Maecenas]
450 1355 541 1385 Nune
563 1356 688 1385 demum
712 1354 812 1385 missis
835 1355 1017 1394 ambagibus
1039 1355 1077 1384 ad
1101 1354 1133 1384 id
1150 1354 1292 1394 pervenit

13 1411 15 1414 ·
34 1396 241 1437 importunus,
257 1399 338 1437 quod
353 1408 409 1428 sua
423 1399 558 1429 maxime
574 1399 733 1436 intererat,
751 1404 793 1436 ut,
815 1398 839 1428 si
862 1399 928 1428 fieri
950 1404 1062 1437 posset,
1078 1398 1290 1428 intercedente

36 1440 168 1471 Horatio
183 1441 363 1472 Maecenatis
381 1442 550 1472 amicorum
569 1443 653 1472 velut
674 1442 790 1472 cohorti
816 1442 925 1471 eodem
946 1442 1038 1471 modo
1059 1446 1290 1480 aggregaretur,

35 1493 98 1523 quo
109 1484 238 1515 Horatio
251 1485 398 1524 Virgilius
410 1485 492 1515 illius
504 1485 672 1515 amicitiam
686 1485 872 1516 conciliarat.
883 1501 926 1506 —
937 1483 1080 1526 [repetit]
1097 1488 1104 1501 ‘
1116 1494 1291 1514 sermonem

13 1546 15 1551 ·
34 1526 245 1558 intermissum
265 1528 338 1558 hinc
355 1538 460 1559 rursus
482 1526 923 1570 exorditur.’—[paucorum]
951 1529 1022 1558 Ter.
1042 1530 1122 1558 Eun.
1148 1528 1177 1565 3,
1195 1528 1223 1564 1,
1241 1528 1292 1564 19,

34 1569 128 1601 Immo
152 1573 196 1602 ric
219 1573 302 1602 homo
326 1577 372 1603 est
391 1582 611 1612 perpaucorum
627 1573 791 1603 hominum.
837 1572 972 1602 Gnatho.
1018 1573 1111 1602 Immo
1133 1573 1293 1602 multorum

34 1618 90 1650 ese,
115 1615 143 1644 εἰ
162 1618 257 1645 tecum
279 1616 360 1646 vivit.
405 1619 413 1632 ⁸
427 1616 591 1648 Quomodo
614 1622 716 1646 tecum
742 1615 818 1646 vivit
840 1616 996 1645 Maecenas
1007 1615 1030 1644 2’
1075 1613 1293 1656 (Responsum

34 1665 99 1687 non
119 1664 285 1697 exspectat,
307 1659 361 1688 sed
382 1659 529 1689 continuo
545 1669 600 1699 pro
615 1669 671 1690 suo
687 1666 777 1699 captu
794 1666 886 1698 atque
903 1659 1029 1698 ingenio
1045 1658 1189 1688 laudibus
1202 1659 1292 1688 illum

34 1700 195 1742 extollitz)
218 1702 349 1741 ‘paucos
365 1702 475 1741 utique
488 1702 570 1732 inter
584 1703 699 1733 amicos
715 1703 851 1742 recipere
867 1703 955 1738 solet,
967 1703 1021 1732 sed
1034 1703 1184 1741 egregios,
1200 1709 1234 1732 ut
1251 1708 1293 1738 te,

35 1743 214 1783 Virgilium,
230 1745 368 1781 Varium,
390 1752 483 1784 atque
506 1747 564 1776 hoc
587 1747 654 1785 ipso
669 1747 790 1776 delectu
807 1747 1009 1782 demonstrat,
1027 1747 1145 1784 quanta
1162 1746 1201 1776 sit
1217 1756 1291 1785 pru—

35 1786 144 1817 denua
164 1787 320 1827 praeditus.
366 1788 501 1819 Omnino
525 1799 616 1819 nemo
638 1790 762 1819 fortuna
778 1790 936 1820 dexterius
956 1800 990 1819 ac
1011 1789 1164 1819 sollertius
1187 1799 1223 1819 eo
1246 1795 1293 1819 est

34 1839 120 1873 usus,
136 1831 198 1870 qua
213 1831 245 1860 in
261 1837 326 1861 arte
341 1841 414 1862 sane
430 1842 532 1862 rerum
549 1833 755 1862 humanarum
771 1834 862 1863 cardo
878 1833 1015 1862 vertitur.
1043 1833 1114 1862 Jam
1131 1833 1218 1862 facile
1235 1832 1292 1862 tibi

35 1873 95 1904 erit
109 1874 199 1910 mihi,
218 1874 337 1904 homini
359 1882 484 1905 centum
505 1876 628 1912 artium,
655 1877 763 1915 quales
784 1877 835 1906 ille
856 1878 933 1906 solet
954 1877 1100 1915 deligere,
1115 1877 1234 1906 aditum
1252 1876 1293 1906 ad

34 1924 108 1948 mm
122 1927 249 1957 parare;
273 1927 308 1948 ac
322 1917 414 1948 facies
431 1919 488 1948 hoe
503 1919 630 1949 fortasse
648 1930 710 1950 non
732 1920 798 1950 sine
819 1920 943 1959 proprio
960 1926 1013 1949 tuo
1029 1921 1192 1949 commodo
1206 1931 1213 1955 ς
1236 1929 1294 1957 ego

34 1960 119 1992 cuim
136 1967 166 1990 te
181 1970 236 2000 pro
249 1961 330 1991 virili
342 1967 428 2000 parte
439 1963 581 2001 juvarem
597 1964 743 1993 adversus
757 1963 877 1993 invidos
892 1969 984 2002 atque
997 1963 1121 2001 iniquos
1135 1969 1214 1999 tuos,
1229 1962 1294 2001 qui,

36 2007 73 2036 Ut
94 2004 237 2041 arbitror,
263 2005 418 2034 interdum
442 2006 524 2044 apud
548 2005 635 2036 illum
662 2007 716 2036 tibi
743 2007 901 2042 officiunt;
926 2007 1021 2036 immo
1045 2016 1102 2045 ope
1126 2007 1196 2036 mea
1218 2015 1295 2044 quos

34 2045 120 2082 ΝΒ
145 2047 418 2077 submovebis.'—
433 2047 633 2089 [adjutorem]
657 2051 838 2080 vocabulum
859 2050 1026 2080 scenicum.
1073 2049 1196 2079 Phaedr.
1217 2050 1247 2084 5,
1263 2051 1294 2085 5,

36 2083 92 2124 1⁴.
113 2091 152 2121 In
174 2093 264 2121 scena
279 2101 347 2121 vero
362 2096 520 2131 postquam
542 2094 621 2123 solus
644 2095 787 2130 constitit,
813 2094 886 2123 Sine
905 2098 1067 2133 apparatu,
1088 2094 1180 2122 nullis
1203 2091 1296 2132 adju·-

35 2134 213 2165 fflbnu—
226 2131 334 2174 [serre
348 2133 511 2175 secundas]
534 2137 642 2174 ‘agere
665 2137 815 2166 secundas
830 2143 944 2176 partes,
961 2133 1294 2176 ὃευτεραγωνιστὴν,’

35 2177 124 2217 equs
146 2178 338 2216 praecipuum
362 2187 476 2207 munus
498 2184 573 2215 erat,
595 2185 640 2215 ut,
665 2180 926 2218 quemadmodum
943 2180 1076 2218 Pylades
1099 2181 1239 2209 Orestem
1261 2180 1295 2210 in

37 2216 148 2260 help.
166 2220 267 2260 lphig.
289 2222 322 2250 in
344 2221 436 2251 Taur.
462 2227 494 2251 et
507 2221 544 2251 *in
568 2223 687 2258 Oreste,
709 2223 820 2259 verbis,
847 2222 1038 2258 recitatione,
1060 2223 1296 2261 gesticulatione

78 2296 81 2297 ⁷
142 2263 278 2293 maxime
289 2265 414 2304 juvaret
426 2274 460 2295 ac
470 2265 636 2295 sustineret
650 2264 949 2307 πρωταγωνιστήν.
960 2283 1003 2287 -
1016 2265 1125 2306 [Hunc
1133 2264 1295 2306 hominem]

60 2303 202 2343 δίιπκῶς
215 2317 247 2337 se
262 2307 365 2346 ipsum
382 2308 584 2339 demonstrat.
609 2310 716 2339 Comm.
732 2310 781 2340 Cr.
805 2311 905 2340 Plaut.
921 2310 1043 2339 Curcul.
1061 2310 1090 2347 2,
1107 2310 1136 2345 1,
1151 2310 1204 2346 22,
1217 2311 1298 2340 solus

41 2347 183 2382 &Mo
197 2355 252 2388 est,
268 2352 321 2391 qui
335 2352 414 2382 sciat
429 2352 586 2390 divinitas,
611 2352 644 2383 id
665 2358 721 2390 est,
741 2354 749 2370 ‘
763 2353 846 2383 solus
862 2362 920 2392 ego
935 2353 1026 2384 sum.’
1036 2370 1079 2375 —
1090 2351 1296 2394 [Submosses]
