1390 2586
361 109 681 138 EPISTOLARUM
711 109 800 138 ΜΒ.
824 110 854 137 1.
879 98 942 138 11.
1227 98 1283 135 69

278 302 335 330 ΕΡ
342 303 350 330 l
357 301 495 330 STOLA
526 301 708 329 X1.—AD
740 300 933 328 BULLATI
941 300 1022 328 UM.

15 401 142 452 tQuid
161 401 237 450 tibi
256 401 343 444 visa
364 401 506 455 Chios,
531 400 696 451 Bullati‚
720 409 899 456 notaque
921 399 1111 443 Lesbos?

14 458 140 510 *Quid
162 459 362 502 concinna
386 457 559 501 Samos?
589 459 689 514 quid
713 458 847 500 Croesi
866 458 981 514 regia
1005 457 1175 500 Sardis?

16 517 205 574 ’Smyrna
225 516 337 573 quid,
361 525 403 558 et
425 516 640 572 Colophon
657 515 676 557 ¹?
707 517 861 572 majora
881 516 1088 558 minorave
1109 515 1252 559 fama?

14 574 242 617 *cunctane
264 590 348 630 prae
371 574 530 630 Campo
551 582 594 615 et
614 573 815 615 Tiberino
836 573 1005 614 flumine
1025 572 1223 615 sordent?

26 632 96 675 An
117 632 231 674 venit
250 632 293 673 in
315 640 454 674 votum
477 630 667 673 Attalicis
689 646 740 671 ex
765 630 932 672 urbibus
954 630 1068 672 una?
1253 635 1279 672 5

16 689 95 732 An
119 689 340 731 Lebedum·
356 689 507 739 laudas,
530 688 623 730 odio
644 688 764 729 maris
785 697 909 744 atque
931 686 1119 730 viarum?

14 746 129 801 δαῖε,
154 746 348 789 Lebedus
369 746 466 802 quid
489 746 566 795 sit3
600 745 747 787 Gabiis
768 745 965 787 desertior
984 754 1109 802 atque

27 802 195 857 Fidenis
216 804 352 852 vicus;
384 816 520 846 tamen
542 803 627 844 illic
648 802 786 844 vivere
808 803 970 853 vellem,

12 854 276 917 ⁴Oblitusque
298 876 495 911 meorum,
518 860 819 902 obliviscendus
841 870 883 903 et
902 860 997 914 illis,

26 913 271 975 Neptunum
291 919 433 975 procul
454 934 476 960 e
498 918 605 960 terra
627 927 811 974 spectare
834 920 1051 960 furentem.
1230 921 1278 959 10

14 972 110 1021 ASed
131 991 279 1032 neque,
303 976 374 1032 qui
394 975 537 1032 Capua
562 975 738 1017 Romam
760 975 876 1031 petit,
900 975 1031 1018 imbre
1053 975 1222 1033 lutoque

27 1032 259 1090 Adspersus
278 1034 388 1076 volet
407 1033 451 1075 in
472 1033 656 1089 caupona
677 1032 842 1082 vivere3
875 1048 965 1082 nec,
991 1033 1062 1089 qui

15 1088 175 1148 Frigus
195 1091 375 1148 collegit,
397 1091 537 1132 furnos
558 1099 600 1132 et
621 1090 767 1133 balnea
786 1090 936 1141 laudat,

26 1145 90 1192 Ut
107 1149 353 1191 fortunatam
375 1149 497 1205 plene
519 1148 753 1205 praestantia
774 1148 913 1190 vitam.

28 1203 130 1258 Nec,
151 1206 187 1249 si
207 1214 247 1249 te
268 1205 426 1248 validus
439 1206 657 1262 jactaverit
678 1206 832 1248 Auster
853 1206 895 1247 in
916 1205 1012 1256 alto,
1227 1209 1278 1248 15

27 1261 186 1306 Idcirco
207 1279 353 1306 navem
375 1272 486 1306 trans
507 1263 705 1319 AEgaeum
726 1279 836 1305 mare
859 1263 1022 1305 vendas.

26 1319 230 1363 Incolumi
254 1321 422 1363 Rhodos
443 1329 485 1362 et
507 1321 718 1378 Mitylene
739 1320 908 1376 pulchra
927 1321 1037 1372 facit,
1060 1321 1171 1377 quod

27 1377 199 1422 Paenula
218 1378 402 1429 solstitio,
425 1387 652 1434 campestre
674 1378 875 1420 nivalibus
897 1378 1019 1430 auris,

28 1434 110 1479 Per
129 1436 315 1478 brumam
337 1436 515 1486 Tiberis,
542 1435 688 1478 Sextili
711 1451 850 1477 mense
872 1435 1066 1478 caminus.

26 1491 142 1536 Dum
163 1494 272 1544 licet,
294 1509 341 1535 ac
361 1494 517 1536 vultum
540 1500 674 1535 servat
697 1493 878 1535 Fortuna
899 1493 1140 1550 benignum,
1223 1497 1278 1536 20

29 1547 175 1598 Romae
195 1551 384 1594 laudetur
408 1551 551 1593 Samos
573 1559 615 1592 et
638 1550 764 1592 Chios
786 1560 829 1593 ct
853 1550 1021 1592 Rhodos
1041 1541 1201 1594 absens'.

12 1606 111 1659 Tu,
133 1624 422 1665 quamcunque
443 1608 543 1650 deus
565 1608 638 1650 tibi
660 1608 929 1650 fortunaverit
949 1608 1103 1659 horam,

12 1663 158 1717 *Grata
178 1681 293 1708 sume
314 1681 450 1716 manu,
472 1681 554 1707 neu
575 1665 710 1707 dulcia
730 1666 847 1707 differ
868 1666 910 1706 in
931 1681 1110 1717 annum3

29 1720 104 1774 Ut,
126 1739 373 1780 quocunque
395 1723 483 1765 loco
503 1723 640 1776 fueris,
663 1723 814 1765 vixisse
836 1723 1013 1765 libenter

11 1768 94 1823 'Te
114 1781 247 1823 dicas:
280 1796 374 1823 nam
395 1781 429 1822 si
450 1780 552 1822 ratio
572 1789 614 1823 et
634 1781 852 1836 prudentia
872 1796 1000 1831 curas,
1221 1785 1276 1824 25

27 1834 124 1881 Non
145 1838 256 1880 locus
276 1838 393 1880 effusi
414 1838 494 1879 late
514 1838 636 1880 maris
655 1838 820 1888 arbiter,
843 1839 1001 1888 aufert3

11 1884 206 2000 'gg-elum,
228 1911 310 1937 non
330 1895 511 1938 animum
532 1904 705 1946 mutant,
728 1896 799 1952 qui
820 1905 929 1938 trans
950 1911 1061 1938 mare
1083 1906 1264 1939 currunt.

11 1978 14 1982 ·
98 1968 205 1995 enua
225 1968 298 1995 nos
319 1961 485 1994 exercet
504 1952 673 1995 inertia:
707 1953 877 1995 navibus
896 1963 1021 2009 atque

10 2020 14 2039 ⁶
73 2010 253 2067 uadrigis
273 2010 451 2066 petimus
472 2009 576 2051 bene
599 2011 747 2052 vivere.
796 2010 921 2060 Quod
941 2011 1061 2067 petis,
1085 2010 1149 2053 hie
1171 2021 1256 2060 est;

88 2075 105 2111 t
125 2067 310 2118 Ulubris,
333 2067 492 2110 animus
512 2067 546 2110 si
567 2076 607 2110 te
628 2083 710 2109 non
731 2067 870 2111 deficit
890 2084 1042 2124 aequus.
1220 2073 1274 2112 30

32 2159 72 2201 f·-

32 2211 50 2255 ¹}

25 2261 47 2313 i
