1390 2586
141 83 221 126 178
565 85 932 116 INTERPRETATIO.
1274 84 1365 126 [saw.

142 184 224 223 quod
249 189 279 214 et
301 181 524 222 ταυτολογὶαν
546 183 634 221 sapit,
658 188 688 212 et
710 193 727 212 a
749 184 834 213 codd.
858 183 1007 213 minorem
1030 184 1124 213 habet
1147 183 1390 222 auctoritatem,-

142 227 237 257 Recte
256 227 351 256 Acron
362 237 371 255 :
395 226 413 241 ‘⁶
427 225 584 264 Expressit
600 226 788 255 velocitatem
802 226 934 255 hominis
947 226 1117 256 festinantis
1133 228 1170 256 ad
1185 227 1333 256 coenam.”
1379 226 1390 260 ,ἑ

182 269 234 307 34,
247 269 297 298 35.
323 266 488 307 [Mulvius]
512 268 599 297 ‘Jam
625 267 695 305 fuga
718 274 780 303 tua,
806 268 838 297 id
863 274 918 303 est,
945 278 1078 307 preceps
1105 274 1174 298 tuus
1197 268 1296 299 abitus
1326 275 1388 302 ex‘ss..

141 312 241 345 domo,
268 312 297 340 in
315 311 404 339 causa
419 316 474 346 est,
499 316 533 339 ut
549 310 682 339 Mulvius
704 316 734 339 et
755 310 805 339 alii
827 320 947 347 scurrae,
974 311 1026 349 qui
1048 317 1194 340 venerant
1207 321 1259 350 spe
1274 311 1379 342 illecti*

140 353 216 389 fore,
233 358 266 382 ut
280 353 490 389 invitarentur,
510 354 547 381 ab
557 351 690 390 janitore
699 353 776 391 jussi
792 353 874 382 abire
887 354 1032 392 coenfique
1047 353 1194 391 frustrati,
1216 353 1296 383 diras
1311 352 1364 384 tibi
1379 361 1390 396 ,ξ

140 396 356 434 imprecemur,
379 405 453 433 quas
476 405 529 424 nos
551 394 662 423 servuli
684 395 738 424 tibi
761 395 874 424 referre
890 405 951 424 non
972 396 1130 432 audemus,
1154 395 1304 432 timentes,
1328 399 1390 431 nefi-

140 443 226 476 tergo
242 447 292 467 eas
307 437 431 475 expiare
451 437 686 466 debeamus.’—
700 435 826 476 [dixerit
848 436 914 474 ille]
939 437 1042 467 ‘facile
1062 447 1147 468 suam
1168 447 1288 468 causam
1310 438 1364 468 ad·
1378 435 1390 466 ’.-

138 490 242 510 versus
258 486 287 518 te
303 480 344 509 ita
360 479 529 509 defenderit
545 479 679 508 Mulvius
693 479 813 509 scurra.'
1379 479 1386 502 -ἶ

185 522 319 553 36-39.
345 520 464 561 [levem]
491 522 598 551 Libere
618 521 712 559 igitur
731 522 874 551 fatebitur
896 531 1009 559 scurra,
1024 523 1033 538 ‘
1045 532 1078 551 se
1092 527 1196 561 utpote
1210 522 1379 552 hominem

139 565 238 594 levem
260 566 334 602 gula
358 565 396 594 ad
417 570 446 593 te
469 564 690 593 convivatorem
713 564 820 593 deduci
833 564 852 594 :¹
876 564 1028 593 ‘ciborum
1050 564 1155 594 nidore
1180 574 1285 594 nasum
1309 565 1365 595 sibi
1376 561 1387 602 ἦ,

140 609 286 645 supinari,
304 606 424 645 (attolli,
439 611 472 635 ut
487 606 595 644 cupide
610 616 680 635 eum
695 605 856 644 olfaciat.)’
901 607 910 622 ‘
920 606 1020 636 Facile
1033 606 1150 645 patior:
1165 606 1266 644 inquit
1282 607 1364 637 Mul·
1372 601 1390 650 J„

139 650 218 685 vius,
233 652 241 665 ‘
252 659 299 678 me
316 659 333 678 a
348 657 377 678 te
392 648 541 678 nominari
563 650 747 684 imbecillum,
765 648 957 687 cupidinibus
971 649 1136 678 obnoxium
1151 654 1182 678 et
1202 649 1298 687 turpis
1311 649 1366 680 otii
1374 649 1390 678 ³23

141 697 352 730 appetentem3
378 692 455 720 adde
471 691 572 727 etiam,
593 691 616 720 si
633 691 687 726 viti,
707 692 819 729 pejora,
841 691 891 729 qui
908 700 1026 730 semper
1040 691 1072 720 in
1087 690 1207 730 popinis
1221 683 1390 738 venetum}

142 734 257 763 Verum
273 743 367 771 quum
388 739 421 763 tu
438 733 544 763 eodem
559 734 639 771 gulae
655 733 727 762 vitio
750 733 880 762 tenearis
900 739 931 763 et
953 733 993 763 sis
1015 733 1140 763 fortasse
1158 742 1208 762 me
1228 734 1365 772 nequior,
1376 741 1390 769 ,ζ

140 785 195 806 cur
210 777 332 806 taudem
347 777 434 813 ultro,
458 785 476 805 a
491 786 539 805 me
555 785 615 805 non
631 775 794 812 lacessitus,
815 777 868 805 sed
893 776 979 814 quasi
999 782 1051 805 tuo
1067 777 1138 814 jure
1152 775 1275 814 insuper
1289 775 1366 806 mihi
1376 769 1390 815 ζ

134 820 245 857 probra
260 818 372 857 ingeris
385 818 407 847 '2’
1375 822 1382 854 ᾗ

178 861 229 896 41,
257 861 307 891 42.
332 858 544 900 [accingentis]
569 861 697 896 summa,
722 861 783 898 quii
797 860 902 889 viliora
924 865 1042 890 tantum
1057 861 1207 900 mancipia
1221 861 1386 902 emeban-'ff

137 907 195 933 tur.
242 904 394 932 Drachma
409 903 509 932 Attica
531 903 582 940 (Ξ
597 901 684 940 Βὲά.)
710 903 827 932 Horatii
848 908 936 932 aetate
956 903 1156 940 respondebat
1173 903 1236 934 fere
1251 904 1364 932 Roma·
1377 903 1386 932 <i

138 955 247 975 norum
269 946 394 975 denario
418 943 720 984 (83d.).-—[Aufer]
745 945 893 980 ‘abstine,
919 945 980 974 noli
993 945 1011 980 ;’
1034 954 1072 974 ex
1096 955 1151 975 usu
1178 945 1380 984 quotidiano„

135 1003 178 1010 -—
190 986 401 1027 [stomachum]
426 989 433 1002 ‘
444 988 519 1016 iram
534 988 710 1026 compesce.’

181 1030 231 1060 44.
249 1029 311 1069 [ter
326 1028 472 1068 vindicta]
488 1031 496 1045 ‘
506 1030 596 1059 homo
608 1030 684 1058 adeo
699 1039 801 1058 servus
816 1029 1032 1067 cupiditatibus
1048 1039 1083 1059 ac
1098 1029 1262 1065 formidini,
1278 1034 1312 1059 ut
1326 1037 1365 1059 ne

137 1073 249 1111 saepius
264 1073 386 1110 quidem
409 1072 538 1110 repetita
551 1072 748 1100 manumissio
764 1081 817 1110 per
832 1071 995 1100 vindictam
1011 1078 1040 1101 te
1055 1081 1124 1101 vere
1143 1073 1273 1101 liberum
1295 1072 1364 1102 red·
1377 1095 1381 1108 =.

137 1115 209 1144 dere
225 1116 335 1153 queat.'
380 1115 491 1144 Forma
505 1119 607 1143 autem
622 1113 758 1152 legitima
771 1113 1018 1143 manumissionis
1029 1114 1214 1152 temporibus
1229 1114 1379 1155 antiqui-y

137 1157 240 1186 oribus
256 1158 320 1186 haec
334 1156 426 1186 fuisse
442 1156 570 1185 videtur.
615 1157 816 1194 Comparebat
830 1165 930 1185 coram
949 1161 1078 1194 praetore
1093 1158 1208 1186 urbano
1223 1155 1366 1186 dominus

137 1208 206 1228 cum
222 1209 318 1235 servo,
341 1199 515 1236 amicusque
532 1198 658 1234 domini,
679 1204 809 1228 assertor
824 1197 855 1226 in
872 1198 1063 1236 libertatem3
1086 1198 1227 1228 dominus
1243 1208 1365 1229 servum

135 1241 272 1271 vindicta
289 1239 438 1279 (virgula)
455 1242 501 1270 vel
520 1241 634 1270 festuca
653 1240 728 1270 dicis
749 1241 838 1269 causa
860 1241 1056 1278 percutiebat,
1071 1250 1131 1278 quo
1146 1251 1231 1270 suam
1247 1241 1277 1270 in
1293 1250 1364 1270 eum

134 1290 315 1322 potestatem
332 1283 554 1312 manifestaret:
572 1288 635 1312 tum
649 1288 778 1312 assertor
792 1283 823 1311 in
840 1282 1008 1312 libertatem
1026 1283 1104 1312 hane
1118 1283 1277 1312 formulam
1293 1292 1364 1322 pro·

137 1326 317 1356 nuntiabat:
341 1327 430 1355 Hunc
443 1327 583 1355 hominem
598 1326 721 1355 liberum
736 1335 796 1355 esse
812 1327 859 1354 aio
873 1335 908 1355 ex
918 1324 992 1364 jure
1011 1326 1180 1357 Quiritium.
1214 1326 1364 1355 Dominus

136 1369 220 1398 velut
244 1370 353 1398 cedens
376 1368 548 1397 adversario
571 1368 658 1402 fict03
691 1368 780 1397 Hunc
802 1369 943 1397 hominem
967 1369 1091 1397 liberum
1115 1377 1176 1398 esse
1197 1369 1278 1398 volo.-
1305 1368 1364 1404 vel,

137 1411 230 1440 Liber
258 1416 319 1440 esto
347 1415 435 1450 atque
459 1411 550 1445 abito,
576 1421 631 1450 quo
655 1411 732 1440 voles
741 1421 752 1444 ,·
778 1410 848 1438 dein
873 1419 943 1438 eum
969 1409 1193 1448 circumagebat
1215 1416 1246 1440 et
1271 1419 1364 1440 manu

136 1453 313 1487 emittebat;
336 1459 440 1492 postea
464 1458 574 1491 praetor
595 1452 743 1490 edicebat,
766 1463 831 1482 eum
851 1453 991 1482 hominem
1014 1453 1136 1482 liberum
1158 1462 1220 1483 esse
1241 1463 1277 1483 ex
1288 1451 1364 1492 jure

139 1496 310 1528 Quiritium.

180 1538 314 1568 46-48,
339 1536 444 1577 [Adde
465 1547 553 1576 saper
572 1534 678 1575 dictis]
695 1537 704 1552 ‘
715 1536 802 1566 Adde
817 1535 941 1574 insuper
962 1535 1010 1571 iis,
1025 1546 1092 1574 quae
1107 1535 1192 1566 dixi!
1206 1552 1249 1558 —·
1266 1535 1362 1576 [vica-

136 1579 217 1619 rius]
236 1581 345 1610 Servus
361 1580 492 1609 vicarius
506 1579 531 1608 is
546 1584 621 1615 erat,
637 1588 728 1617 quem
743 1588 847 1608 servus
862 1578 1031 1607 ordinarius
1054 1588 1108 1608 suo
1130 1588 1168 1608 ex
1190 1579 1306 1618 peculio
1322 1579 1364 1609 ad

135 1632 207 1652 eum
231 1623 323 1652 finem
346 1628 470 1659 emerat,
495 1627 529 1651 ut
551 1621 614 1650 vice
636 1622 691 1650 sua
710 1621 888 1658 fungeretur
913 1621 943 1649 in
967 1620 1072 1650 officiis
1097 1621 1255 1650 servilibus
1274 1631 1362 1651 exse·

137 1665 276 1703 quendis.
320 1666 360 1694 At
375 1674 469 1702 quum
488 1664 640 1702 peculium
664 1673 782 1700 semper
805 1669 884 1692 esset
903 1662 935 1691 in
955 1663 1070 1692 domini
1089 1668 1246 1701 potestate,
1269 1663 1362 1694 etiam

136 1707 216 1738 servi
241 1717 345 1736 servus
370 1705 401 1743 (ὁ
428 1705 484 1736 τοῦ
509 1703 632 1735 οἰκέτου
655 1702 780 1742 οἰκέτης
805 1704 988 1744 Theophilo)
1015 1705 1046 1734 in
1073 1705 1178 1735 eadem
1202 1707 1362 1741 manebam

138 1749 274 1788 adeoque
295 1751 426 1779 vicarius
447 1749 537 1778 simul
560 1753 625 1777 erat
647 1758 798 1778 conservus
820 1748 897 1776 servi
922 1747 1076 1777 ordinarii.
1089 1763 1132 1769 —-
1147 1745 1223 1787 [mos
1242 1746 1361 1788 Vester]

135 1792 247 1822 civium
275 1792 492 1826 Romanorum,
520 1790 735 1829 ingenuorum,
758 1790 867 1828 quibus
890 1799 922 1819 se
947 1799 1008 1819 non
1034 1789 1100 1819 sine
1124 1791 1207 1820 certa
1230 1791 1362 1828 quadam

135 1833 340 1864 amaritudine
354 1834 448 1863 animi
463 1832 591 1873 opponit
609 1832 754 1862 miserum
775 1832 970 1871 mancipium,
989 1831 1055 1861 sine
1070 1837 1164 1871 patre,
1181 1832 1245 1862 sine
1259 1837 1360 1871 gente,

131 1877 197 1907 sine
212 1876 342 1906 civitate.

177 1918 311 1950 49-56.
337 1915 422 1957 [alii]
446 1919 551 1947 acerbe
574 1917 723 1955 significat
740 1917 948 1946 Maecenatem.
966 1932 1007 1938 —
1022 1914 1164 1956 [lignum]
1182 1914 1215 1955 (a
1234 1914 1360 1956 puppel)

137 1959 413 2000 ’νευρόσπαστον,
429 1969 446 1989 a
461 1960 637 1989 circulatore
652 1960 754 1997 aliquo
769 1959 898 1989 fidiculis
917 1959 949 1988 in
970 1959 1047 1988 hanc
1069 1959 1116 1988 vel
1138 1959 1221 1988 illam
1243 1964 1360 1998 partem

137 2009 277 2038 tractum,
308 2009 342 2032 ut
371 2002 457 2040 quasi
481 2002 653 2040 gesticulari
682 2002 841 2031 videatur.'
856 2018 899 2024 --
914 1999 988 2040 [sihi
1021 1999 1208 2041 imperiosus]
1236 2000 1360 2041 ἅρχων,

136 2044 296 2086 ἐγκρατὴς
310 2043 435 2080 ἑαυτοῦ,
452 2045 512 2082 quai
524 2044 616 2082 genit.
634 2044 854 2074 constructione
870 2053 941 2073 usus
956 2048 1001 2073 est
1016 2043 1092 2073 Plin.
1108 2043 1159 2078 34,
1174 2043 1203 2078 8,
1224 2043 1361 2073 Tiberius

137 2089 350 2127 —imperiosus
371 2089 427 2116 sui.
460 2087 517 2116 od.
536 2087 566 2122 3,
590 2087 640 2122 29,
662 2086 712 2120 41,
734 2091 836 2125 potens
857 2083 1192 2125 sui.·—·[Respomare]
1209 2083 1254 2124 (to
1273 2083 1359 2124 dqu)

137 2130 356 2167 ‘cupiditatum
378 2130 533 2159 illecebras
552 2128 725 2167 aspernari.’
740 2145 783 2150 —
799 2127 847 2167 [in
868 2139 898 2158 se
919 2130 981 2167 ipso
1003 2125 1098 2166 totus]
1124 2127 1256 2157 ‘nullius
1277 2127 1360 2157 indi-

137 2181 222 2211 gens,
238 2173 289 2210 qui
305 2171 406 2202 omnia
419 2181 473 2201 sua
493 2171 524 2200 in
539 2181 570 2200 se
586 2171 728 2210 reposuit,
745 2170 848 2200 omnia
863 2180 916 2199 sua
936 2170 967 2199 in
984 2180 1015 2199 se
1029 2169 1159 2207 collegit,
1176 2170 1253 2199 nibil
1273 2175 1359 2199 extra

138 2223 171 2245 se
195 2215 242 2243 sui
268 2215 379 2253 ponit:’
407 2219 441 2243 ut
466 2213 590 2243 diversis
615 2213 688 2243 locis
711 2213 754 2243 ait
777 2214 899 2243 Seneca.
914 2228 957 2235 ——-
973 2211 1067 2252 [teres
1088 2216 1176 2251 atque
1199 2209 1357 2252 rotundus]

138 2257 254 2287 Globus
273 2256 491 2296 persectissima
515 2261 562 2286 est
582 2255 679 2285 forma
703 2265 741 2286 ex
762 2255 957 2294 antiquorum
985 2253 1135 2285 sententia
1158 2253 1249 2294 (Plat.
1277 2254 1358 2286 Tim.
