1390 2586
1371 0 1390 35 ἃ

151 115 236 159 270
577 123 942 154 INTERPRETATIO.
1249 124 1390 166 [mus-rs-v

152 220 256 249 molles
271 220 455 255 viderentur,
480 229 514 250 ac
528 226 598 250 sunt
613 221 644 250 in
665 221 787 251 homine
802 221 886 260 ipso)
898 238 941 244 --
953 220 1095 263 [ponere]
1118 223 1242 262 fingere,
1263 230 1298 256 ut
1311 227 1379 257 Oda‘

155 261 183 297 4,
199 262 228 296 4,
243 263 272 292 8.
284 279 324 284 -
336 261 457 301 [pravo]
474 273 562 292 sensu
579 263 708 302 proprio,
722 265 730 279 ⁴
744 264 934 294 dextrorsum
951 266 996 295 vel
1011 266 1215 296 sinistrorsum
1231 268 1377 300 detorto?

154 319 193 325 —·
211 303 440 344 [Spectandum]
464 312 584 343 propter
598 306 864 343 pulchritudinem,
880 308 981 337 mod.
999 307 1025 343 l,
1039 308 1090 343 32.
1108 308 1155 338 ll.
1368 304 1379 332 ⁸³,

193 347 326 376 38—41.
351 348 449 376 Prima
466 347 557 385 κυρία
579 344 654 382 δόξα
675 347 771 377 suerat
785 349 823 378 de
838 350 963 386 unitate,
979 359 1069 388 quam
1084 350 1198 386 dicunt,
1214 352 1379 389 organica.-

148 389 212 426 jam
240 390 301 425 agit
326 390 363 419 de
387 388 526 426 eligenda
548 390 682 425 materia,
705 391 736 419 id
752 396 806 426 est,
829 391 866 420 de
889 390 1278 432 inventione.—[aequam]
1303 395 1378 424 ‘actm

151 433 391 464 commodatam3
414 432 462 460 cui
484 441 570 470 pares
592 433 653 461 sint
675 432 752 461 vires
775 434 953 462 vestrae.'—
970 430 1115 474 [versate]
1139 435 1249 470 animo,
1273 436 1374 466 ‘deli-

151 474 253 502 berate
264 473 282 506 ;'
305 473 437 510 imagine
452 480 552 503 tamen
571 475 729 513 desumpta
745 484 762 503 a
777 475 895 513 bajulis,
915 475 965 513 qui
981 486 1071 505 onera
1088 477 1224 506 manibus
1240 483 1368 514 versant,

134 521 313 552 'antequam
336 516 366 544 in
387 517 527 544 humeros
549 517 716 546 tollant.—-
731 514 906 556 [potenter]
930 517 1034 547 ‘nard
1057 515 1206 558 δύναμιν,
1232 529 1286 557 pro
1307 521 1373 551 suin⁴

150 557 336 586 viribus.’—
347 555 448 597 [ordo]
475 558 532 587 Hic
546 558 652 587 transit
664 559 699 588 ad
712 559 858 592 ordinem,
874 569 964 597 quem
982 559 1199 601 τεχνογράφοι
1214 558 1368 599 διάθεσιν,

150 599 390 638 dispositionem,
413 607 528 629 vocant.
573 601 743 639 Opponitur
766 601 808 641 τῇ
823 598 949 641 εὑρέσει,
972 602 1148 632 inventioni.
1192 602 1270 633 vida
1285 604 1368 636 Poet.

150 641 179 674 3.
198 642 248 677 20,
274 643 327 671 Ille
342 653 394 681 ego
408 644 472 677 sim,
496 644 544 672 cui
563 644 698 673 Pierides
720 644 788 673 dent
805 645 936 673 carmina
954 645 1050 675 Musae
1066 645 1188 675 Lumine
1209 647 1290 676 clara
1304 656 1372 682 aaa,

150 689 278 713 externae
293 686 368 714 nihil
381 686 483 724 indiga
498 686 581 714 lucis.

192 726 324 756 42—45.
351 725 419 766 [aut
434 737 485 766 ego
494 725 607 766 fallor]
635 727 699 756 Hac
714 727 842 756 formula
857 732 992 763 utuntur,
1008 729 1059 767 qui
1075 728 1117 757 rei
1133 738 1151 757 a
1165 738 1197 758 se
1213 730 1368 760 affirmata

146 777 268 806 prorsus
284 770 356 798 certi
371 775 450 798 sunt.
495 771 608 799 Seneca
623 770 660 798 de
677 770 767 798 Tran.
781 773 836 799 An.
853 770 886 799 8:
911 771 974 800 Aut
990 781 1042 810 ego
1055 768 1151 809 fallor
1175 776 1228 801 aa!
1248 782 1368 810 regnam

149 814 194 840 est
215 813 292 840 inter
319 812 594 850 circumscriptores,
626 813 763 848 latrones,
791 813 956 851 plagiarios
981 823 1070 842 unam
1095 823 1166 849 esee,
1195 815 1244 843 cui
1271 816 1371 845 noceri

147 863 202 881 non
218 851 442 892 possin—[Ut
448 853 515 892 jam
529 864 606 883 nunc
619 852 716 893 dicat]
741 854 750 869 ‘
763 854 803 883 Ut
820 855 884 892 jam
907 864 988 884 nunc
1010 855 1089 884 dicat
1108 864 1152 891 ea,
1168 865 1235 894 quae
1251 865 1282 885 re
1295 857 1368 887 veri

149 904 229 924 nunc
244 895 340 933 ipsum
357 896 415 925 dici
431 897 551 929 debent,
567 896 596 924 id
612 901 666 932 est,
683 896 857 932 necessaria,
877 898 972 926 multa
983 903 1094 932 autem,
1107 907 1175 935 quae
1187 898 1264 927 alius
1279 904 1368 936 poeta

150 942 209 966 toto
223 948 305 967 sacco
319 949 427 975 serens,
444 938 499 967 etsi
520 947 579 967 non
595 948 714 977 prorsus
731 939 895 967 necessaria
905 940 968 977 jam
985 939 1033 968 hic
1047 939 1236 977 inculcasset,
1249 940 1368 971 differat

149 979 179 1008 in
196 980 293 1008 locum
310 981 404 1018 magis
419 986 619 1018 opportunum
635 986 725 1019 atque
740 987 898 1019 propterea
914 981 943 1010 in
957 982 1115 1020 praesentia
1127 982 1256 1016 omittat,
1271 982 1368 1020 magis

147 1021 308 1051 artificioso
329 1029 357 1052 et
378 1023 493 1060 poetico
516 1022 613 1052 ordini
637 1024 770 1058 studenS,
796 1029 828 1052 ut
843 1033 1020 1061 suspensum
1038 1029 1140 1052 teneat
1154 1024 1315 1059 lectorem:
1336 1030 1376 1055 etv

149 1064 271 1101 quidem
288 1065 338 1101 ita,
362 1071 395 1094 ut
411 1065 605 1103 persentiscat
621 1066 711 1094 lector
725 1071 840 1101 acutus,
856 1075 908 1094 cur
924 1066 1003 1095 hunc
1018 1064 1132 1105 μῦθον,
1151 1066 1228 1096 hanc
1243 1072 1366 1096 senten-

149 1106 221 1135 tiam
245 1107 290 1135 vel
311 1108 387 1136 hanc
413 1107 574 1144 imaginem
598 1109 716 1143 amarit,
738 1117 774 1136 ea
795 1109 932 1137 consulto
957 1114 987 1137 et
1011 1118 1079 1137 cum
1102 1108 1211 1138 dilectu
1234 1110 1366 1146 quodam

149 1147 215 1183 (con
231 1148 342 1187 amore)
366 1159 437 1178 usus
459 1150 507 1186 sit,
529 1149 612 1185 alias,
638 1150 668 1178 in
691 1149 799 1187 quibus
825 1155 913 1188 poeta
937 1150 1066 1179 deterior
1087 1150 1173 1180 facile
1195 1151 1366 1181 luxuriatus

147 1196 235 1223 esset,
257 1192 408 1229 sapienter
427 1193 569 1229 spreverit
584 1193 801 1229 reservaritque
816 1193 853 1221 ad
869 1193 961 1222 alium
975 1192 1121 1231 poematis
1136 1193 1245 1228 locum,
1266 1193 1318 1222 ubi
1333 1193 1366 1223 id

147 1233 289 1268 efficiant,
314 1240 346 1263 ut
372 1234 506 1271 priorum
531 1243 632 1263 rursus
657 1244 771 1263 memor
793 1234 887 1264 factus
913 1235 1005 1263 lector
1033 1240 1192 1273 utramque
1220 1236 1367 1273 poematis

145 1282 265 1316 partem
289 1282 389 1305 mente
409 1277 586 1306 connectat)
598 1292 639 1297 -—
651 1274 664 1315 [
675 1278 810 1314 promissi
824 1275 978 1316 carminis]
1002 1279 1012 1295 ⁸
1027 1277 1118 1315 quod,
1143 1282 1177 1307 ut
1190 1277 1310 1316 scimus,
1332 1277 1364 1308 in

147 1318 287 1346 manibus
301 1318 392 1347 habet
414 1324 557 1356 praestans
579 1324 678 1356 poeta,
700 1320 751 1347 sed
774 1319 897 1348 sortasse
921 1319 1042 1348 demum
1065 1324 1132 1358 post
1151 1320 1252 1358 plures
1269 1329 1365 1350 annos

146 1361 214 1389 edet
225 1361 243 1394 ;’
273 1361 361 1398 plane
388 1366 421 1389 ut
442 1361 558 1396 AEneis,
582 1370 671 1398 quam
695 1370 799 1390 omnes
820 1361 928 1399 cupide
952 1363 1177 1400 exspectabant,
1197 1362 1364 1392 identidem

147 1408 316 1440 repetentes
333 1403 406 1431 illud
424 1402 580 1440 Propertii,
603 1403 709 1432 Nescio
723 1404 794 1442 quid
807 1402 902 1442 majus
915 1405 1046 1433 nascitur
1061 1404 1167 1434 Iliade.

189 1444 322 1474 46—52.
347 1443 400 1484 [In
424 1443 535 1483 verbis]
559 1445 626 1474 Jam
651 1444 712 1483 (vv.
727 1446 864 1483 46—59)
887 1446 939 1475 dat
955 1453 1105 1484 praecepta
1127 1447 1165 1475 de
1186 1446 1247 1476 stili
1268 1446 1364 1477 virtu-

147 1487 227 1516 tibus
245 1487 275 1515 in
293 1489 451 1516 verborum
471 1487 592 1522 dilectu,
617 1487 648 1516 in
668 1487 828 1526 juncturis,
851 1488 882 1517 in
900 1488 998 1517 verbis
1013 1488 1218 1517 faciendis.-
1232 1486 1362 1529 [tenuis]

147 1534 181 1558 ut
205 1527 336 1565 λεπτός.
361 1529 477 1558 subtilis
493 1529 661 1568 judicii.—
680 1527 816 1569 [cantus]
840 1531 964 1559 ‘cavens
987 1530 1162 1568 praesertim,
1184 1541 1222 1560 ne
1247 1531 1279 1560 in
1295 1541 1362 1561 ver-

145 1570 192 1600 bis
217 1572 289 1600 insit
317 1572 431 1609 aliquid
459 1571 591 1609 ambigui
621 1577 672 1601 aut
700 1572 890 1601 obscuri.'—
906 1570 1068 1612 [serendis]
1102 1573 1204 1602 ‘inter
1230 1583 1262 1603 se
1289 1583 1362 1603 con-

140 1613 307 1652 jungendis
343 1620 433 1651 atque
468 1619 547 1643 recte
581 1614 780 1643 collocandis!
801 1630 841 1636 —
864 1613 1006 1654 [callida]
1050 1617 1058 1630 ‘
1078 1615 1195 1644 occulta
1230 1616 1378 1653 quadam*

146 1662 210 1685 arte
236 1656 353 1685 lectoris
374 1662 507 1686 mentem
534 1656 676 1691 movens‚’
700 1662 732 1685 ut
754 1662 824 1685 sunt
846 1657 927 1694 apud
948 1656 1047 1695 ipsum
1072 1657 1241 1693 Horatium,
1263 1659 1362 1696 splen-

145 1699 214 1728 dide
240 1699 372 1732 mendax,
396 1700 570 1728 insanientis
592 1700 744 1737 sapientiae
768 1701 924 1733 consultus,
948 1700 1052 1728 animae
1076 1709 1188 1738 magna
1210 1701 1362 1740 prodigae,

145 1740 244 1780 &cz—
259 1738 415 1780 [Indiciis]
444 1739 595 1779 σημείοις,
618 1742 838 1780 designatione.-
871 1742 1010 1770 “indicia
1038 1741 1120 1770 enim
1145 1750 1245 1771 rerum
1271 1744 1362 1772 verba

147 1783 248 1812 sunt.''
275 1783 459 1812 Braunh.—--
475 1781 595 1822 [abdita
616 1781 729 1822 rerum]
763 1788 797 1812 ut
821 1784 879 1813 Sat.
904 1783 933 1817 2,
956 1784 986 1818 2,
1010 1784 1058 1819 25,
1081 1785 1165 1813 vanis
1188 1794 1306 1818 rerum:
1330 1784 1362 1822 8,

146 1825 196 1859 83,
211 1826 292 1863 fictis
312 1835 418 1861 rerum,
439 1825 593 1854 ‘notiones
616 1834 718 1860 novas,
740 1835 814 1863 quas
832 1835 920 1854 nemo
934 1831 1004 1854 ante
1020 1826 1117 1855 verbis
1134 1825 1250 1855 Latinis
1263 1827 1360 1856 mani-

145 1867 283 1896 ses-tavit?
298 1865 522 1906 -[cinclutis]
554 1868 604 1905 qui
629 1869 725 1896 cinctu
747 1868 959 1903 induebantur,
988 1877 1055 1906 quae
1081 1874 1144 1897 erat
1168 1868 1258 1897 vestis
1281 1868 1361 1898 infra

145 1916 249 1947 pectus
265 1919 372 1947 corpus
389 1909 524 1938 ambiens
545 1917 575 1938 et
597 1910 634 1938 ad
657 1910 748 1948 pedes
770 1910 957 1948 pertingens:
982 1919 999 1939 a
1014 1909 1085 1939 viris
1101 1911 1274 1947 gestabatur
1293 1911 1359 1940 loco

147 1952 265 1987 tunicae,
277 1958 307 1980 ut
320 1952 520 1990 expeditiores
532 1958 630 1980 essent
642 1953 679 1981 ad
692 1953 856 1989 agendum:
874 1952 1025 1981 habebant
1036 1951 1116 1981 enim
1127 1953 1225 1981 soluta
1237 1952 1360 1982 brachia

147 1999 177 2023 et
203 1995 242 2023 ad
266 1995 466 2023 exserendum
489 1994 644 2023 habiliora.
679 1995 763 2023 Fore.
809 1994 888 2023 Hinc
914 1994 1024 2023 Lucan.
1048 1994 1077 2028 2,
1103 1994 1176 2032 543,
1196 1996 1360 2034 exsertique

147 2046 250 2065 manus
277 2046 382 2066 vesana
407 2037 537 2074 Cethegi.
581 2036 712 2065 Omnino
741 2041 802 2065 est:
827 2037 935 2065 ‘verba
963 2036 1125 2074 majoribus
1153 2036 1260 2066 nostris
1287 2043 1358 2066 ante

147 2078 211 2108 haec
227 2080 286 2107 duo
303 2079 402 2109 secula
416 2079 504 2116 plane
520 2076 939 2117 incognita.'—[padenter]
963 2079 971 2094 ‘
984 2078 1042 2107 Sed
1059 2085 1104 2107 est
1123 2079 1228 2107 modus
1246 2078 1278 2107 in
1301 2079 1359 2108 hoc

144 2130 263 2158 quoque
285 2121 456 2149 servandus.
483 2130 521 2149 ne
547 2121 636 2149 nimis
660 2122 763 2149 crebro
791 2130 825 2150 ac
851 2121 975 2150 licenter
997 2121 1095 2149 verbis
1123 2130 1140 2149 a
1165 2120 1250 2149 nobis
1272 2119 1358 2150 factis

144 2163 287 2191 utamur.'
332 2163 476 2194 Quinctil.
503 2162 529 2197 l,
553 2163 582 2197 5,
609 2162 664 2198 71:
698 2163 823 2192 Usimtis
848 2165 940 2192 tutius
960 2164 1090 2196 utimur,-
1118 2172 1191 2192 nova
1215 2172 1269 2192 non
1294 2163 1358 2192 sinn

143 2205 266 2244 quodam
280 2206 611 2243 periculofittgimus.-—
623 2203 926 2244 [habebunt—fidem]
947 2205 1005 2233 ‘ita
1018 2205 1224 2243 probabuntur
1235 2211 1358 2243 propter

143 2247 325 2276 evidentiam
342 2253 431 2285 atque
446 2247 636 2285 elegantiam,
650 2252 682 2276 ut
697 2248 796 2276 oblata
811 2247 963 2276 occasione
978 2247 1028 2276 alii
1042 2255 1162 2284 quoque
1177 2245 1213 2275 iis
1228 2245 1357 2276 libenter

142 2289 224 2318 usuri
239 2289 318 2317 sint.’

183 2331 314 2361 53—59.
339 2329 459 2370 [Graeco
474 2328 576 2370 sonte]
607 2331 739 2361 maxime
764 2331 794 2360 in
819 2329 1085 2370 compositionibus
1109 2329 1148 2360 ad
1170 2329 1268 2360 Graeci
1294 2339 1356 2360 ser*
