1390 2586
139 130 222 171 222
554 128 917 160 INTERPRETArto.
1235 125 1306 169 [m.¹
1324 143 1326 147 ,

183 229 215 262 4,
231 229 260 258 5.
285 225 467 267 [Certemus]
492 227 650 265 ‘Agedum
668 228 832 262 videamus,
846 233 947 256 utrum
962 236 1019 265 ego
1034 226 1210 265 diligentius
1224 227 1304 256 anim
1324 241 1337 253 ιι
1361 229 1383 255 '2'

143 281 244 301 meum
261 270 340 299 vitiis
355 279 491 308 purgem,
508 279 546 298 an
567 274 598 298 tu
614 270 714 308 spinas
729 279 766 298 ex
781 279 852 307 agro
867 279 934 298 meo
948 270 1074 305 evellas3
1097 274 1187 307 atque
1203 273 1269 298 utra
1282 270 1381 311 rasse

145 314 250 343 melior
265 313 311 347 sit,
328 322 412 347 eane,
429 313 489 350 quai
505 321 554 340 me
571 312 634 349 ipse
649 321 729 344 curo,
745 312 824 348 quod
838 312 877 340 ad
891 311 1030 340 virtutem
1046 311 1164 349 attinet,
1184 320 1221 340 an
1239 320 1284 347 ea,

145 361 176 385 tu
194 355 299 394 (horno
314 354 426 392 socors)
442 354 512 383 colis
532 364 592 383 rem
608 363 715 388 meam,
736 353 767 382 id
787 359 841 388 est,
863 354 989 382 fundum
1007 354 1163 387 Sabinum,
1179 353 1319 391 praecipu

145 398 319 427 facultatum
343 406 477 425 mearum
502 402 615 434 partem
628 393 846 435 P—[spinas]
871 396 931 425 Cfr.
947 396 1023 434 Epp.
1039 397 1068 432 2,
1088 397 1117 432 2,
1138 395 1209 430 212,
1233 396 1312 428 Quid
1340 396 1368 426 2⁸1⁴

145 438 374 478 exmnplajuvat
388 440 480 476 spinis
494 440 529 467 de
542 439 676 476 pluribus
690 439 774 467 una?
1344 439 1375 466 '‘1'

187 482 215 511 6.
241 479 384 520 [Lamiae]
410 482 464 510 Est
482 481 512 509 L.
527 481 624 509 AElius
642 480 676 509 L.
693 481 725 509 F.
742 479 858 514 Lamia,
873 480 974 509 consul
990 485 1091 518 postea
1107 487 1136 508 A.
1150 487 1180 508 u.
1196 487 1222 508 c.
1239 478 1310 514 756,
1330 472 1374 505 υἶ

146 533 206 562 quo
222 533 249 552 v.
266 524 322 552 Od.
340 523 366 558 1,
382 523 432 559 26,
448 528 478 552 et
491 523 521 557 3,
539 522 586 557 17.
633 523 689 551 Hic
710 523 802 560 igitur
824 527 895 551 tunc
915 522 1036 559 lugebat
1056 521 1204 554 Quintum
1227 521 1317 550 fratre
1336 525 1374 555 «³3

145 582 188 588 -—
200 563 315 604 [pietas
330 570 358 595 et
372 563 460 604 cura]
478 567 485 580 ⁸
495 565 643 593 fraternus
657 575 750 600 amor,
765 574 824 602 quo
838 564 943 594 Lamia
958 563 1054 603 erepti
1067 564 1166 593 fratris
1181 562 1347 593 recordatu¹

147 614 178 638 et
191 608 348 645 aegritudo,
365 608 424 645 quit
439 607 643 636 consumitur!
1357 638 1360 643 ⁴

188 650 278 685 7—9.
303 647 471 689 [Fratrem]
492 649 643 687 Repetitio
655 658 716 677 voc.
725 645 846 685 fratris,
860 648 959 687 ipsum
975 645 1218 688 ὁμοιοτὲλευτον
1232 657 1248 676 a
1263 657 1333 676 nesc
1359 651 1367 662 ’-

147 702 207 730 quo
223 693 448 730 reprehensum,
463 701 591 729 sequens
605 688 835 729 έξασύλλαβον
849 696 887 725 et,
900 697 932 719 ut
943 691 1070 724 videtur.
1082 689 1174 724 ἅπαξ
1188 687 1334 729 λεγόμεν
1353 711 1365 722 ,ι

146 735 324 764 mirabiliter
341 734 452 764 Lamiae
467 743 622 763 maerorem
638 739 668 762 et
688 734 801 762 luctum
822 733 1004 771 exprimunt.
1038 732 1100 762 Cic.
1115 733 1153 761 ad
1169 732 1231 761 Att.
1250 732 1296 765 12.
1311 733 1357 762 2⁴

147 787 326 807 maerorem
351 778 451 811 minui,
473 777 625 805 dolorem
643 786 698 804 non
719 777 800 814 potui
823 786 884 811 nec,
908 777 934 804 si
951 785 1074 814 possem,
1099 775 1207 804 vellem.
1221 772 1284 813 —[
1354 768 1360 774 ⁸

149 817 335 858 animusque]
361 819 457 854 *νοῦς
477 816 530 848 καὶ
548 817 652 857 θυμὸς
671 827 717 846 me
734 820 807 847 istuc
823 817 887 854 (ubi
903 823 935 846 tu
951 816 996 855 es)
1010 815 1086 855 sert,
1109 815 1236 855 impellit
1251 825 1309 852 me,
1339 830 1360 851 ι,

149 861 216 890 istic
232 871 296 890 esse
317 862 404 897 longe
420 861 532 895 malim,
554 867 583 889 et
598 860 691 889 veluti
710 859 741 888 in
764 860 843 889 ludis
862 859 1043 889 circensibus
1067 859 1138 897 equi
1157 859 1268 887 feroces
1289 868 1321 896 q
1336 880 1338 883 s
1356 855 1366 860 ”

148 904 241 941 drigis
255 903 354 941 juncti
368 903 560 941 impatienter
573 907 757 940 exspectant,
773 903 868 931 donec
884 903 994 940 mappa
1014 901 1105 930 missit
1119 911 1135 930 e
1154 902 1290 930 claustris
1303 900 1323 930 i.
1362 918 1364 921 ·

149 946 316 976 carceribus
332 955 435 974 currus
451 945 637 979 emittantur,
650 951 683 973 ut
699 944 728 972 in
744 945 870 973 liberum
883 944 952 973 circi
965 943 1146 973 curriculum
1159 952 1313 982 prorump
1330 945 1358 967 Μ’

151 989 193 1018 sic
208 998 263 1025 ego
279 997 368 1025 quam
385 987 514 1026 primum
531 997 582 1016 rus
595 986 740 1025 proficisci
755 986 862 1025 cupio!
1366 1007 1371 1019 ,

195 1030 325 1064 12-17.
350 1027 553 1068 [immeritum]
586 1030 710 1064 ‘locum,
736 1030 819 1067 cujus
842 1029 924 1057 nulla
947 1033 992 1057 est
1013 1027 1111 1065 culpa,
1140 1024 1294 1064 αἰτιᾶται,
1314 1029 1365 1060 ιη]

151 1073 253 1102 cusat!
292 1073 340 1102 Sic
356 1073 412 1101 Od.
430 1071 456 1107 l,
476 1071 524 1108 17,
538 1072 588 1106 28,
605 1073 692 1101 vestis
711 1072 914 1100 immerita.-—
925 1067 1146 1110 [mediastinus]
1170 1079 1187 1098 a
1202 1078 1229 1098 v.
1245 1069 1322 1098 medi

151 1120 186 1144 ut
199 1116 396 1144 clandestinus
410 1124 427 1143 a
442 1123 469 1143 v,
484 1115 568 1149 clam,
588 1113 807 1153 servus'inflmi
827 1113 950 1146 ordinis,
975 1112 1006 1141 in
1021 1112 1121 1141 medio
1135 1116 1268 1149 paratus,
1290 1120 1331 1139 nu
1374 1107 1390 1135 ἱ

152 1163 233 1187 certo
254 1156 421 1186 ministerio
442 1157 587 1190 addictus,
610 1156 662 1184 sed
678 1155 783 1184 viliora
800 1164 926 1184 munera
940 1154 1022 1183 obire
1040 1153 1154 1186 solitus,
1168 1154 1254 1192 jussu
1275 1152 1325 1182 eti
1344 1167 1346 1177 ι
1371 1172 1376 1174 -

153 1209 363 1229 conservorum
379 1197 526 1228 artificum
544 1199 588 1227 vel
609 1197 730 1236 proprio
752 1197 853 1235 aliquo
874 1206 998 1226 munere
1018 1196 1217 1232 fungentium,
1241 1199 1275 1224 ut
1296 1204 1345 1224 su
1366 1207 1377 1220 ἰ

154 1242 382 1278 dispensatores,
398 1241 632 1275 ratiocinatores,
649 1239 832 1268 cubicularii.
844 1237 1040 1278 ·—-[tristem]
1065 1239 1073 1253 ‘
1084 1237 1189 1275 iniqua
1203 1237 1326 1267 mente.’
1350 1267 1352 1270 ,

197 1283 247 1313 20.
271 1281 408 1322 [liquidi]
433 1282 784 1320 ‘desaecati.’—[media
811 1283 846 1311 de
871 1279 949 1320 luce]
981 1281 1100 1312 ‘Quem
1125 1279 1196 1309 olim
1225 1288 1304 1317 saepe
1321 1278 1367 1351 ἅ

156 1326 256 1356 medio
279 1326 337 1360 die,
358 1325 388 1354 id
407 1330 460 1360 est,
480 1325 597 1353 lucente
616 1324 706 1353 etiam
729 1330 809 1359 tunc,
832 1322 908 1362 (Sat.
923 1324 953 1360 2,
968 1323 997 1358 8,
1013 1322 1058 1360 2,)
1080 1322 1110 1351 in
1129 1320 1272 1351 conviviis
1291 1326 1320 1350 te

155 1368 277 1406 pestivis
298 1367 405 1397 acriter
423 1372 540 1405 potasse
555 1366 632 1401 scis‚'
647 1376 706 1395 non
722 1375 757 1394 eo
772 1372 916 1404 tempore,
940 1374 1000 1403 quo
1019 1366 1196 1403 plerumque
1216 1367 1367 1402 compotu&

156 1411 254 1440 tiones
271 1410 333 1439 fieri
349 1410 491 1445 solebant,
512 1415 577 1447 post
592 1409 696 1438 horam
713 1418 823 1437 nonam
845 1407 990 1446 (Martial.
1008 1407 1036 1442 4,
1052 1406 1096 1445 7).
1350 1423 1355 1442 ;

196 1453 329 1482 22-25.
353 1449 424 1490 [non
449 1449 592 1490 incidere]
625 1452 714 1486 ‘non‚
743 1460 836 1488 quum
861 1456 978 1488 tempus
1001 1455 1055 1483 est,
1079 1450 1256 1486 abrumpere
1281 1452 1312 1476 et
1334 1446 1371 1479 fn

156 1500 335 1533 perpetuum
351 1493 437 1522 finire
453 1503 577 1528 amores,
594 1493 827 1530 compotationes
842 1498 932 1530 atque
946 1492 976 1520 id
991 1501 1086 1529 genus
1101 1491 1179 1520 alia!
1202 1490 1284 1527 Virg.
1302 1488 1368 1521 Ed.

158 1538 187 1571 9,
205 1537 252 1571 14,
268 1547 354 1566 novas
368 1537 495 1565 incidere
516 1537 641 1565 lites.-—
653 1533 796 1574 [obliquo]
821 1534 971 1570 ‘maligno
993 1539 1023 1563 et
1045 1533 1147 1562 invido
1158 1533 1175 1567 ;'
1197 1532 1239 1561 sic
1261 1530 1369 1567 λοξοῖς

155 1577 276 1619 ὄμμασι
291 1575 521 1619 προσβλέπειν,
541 1579 617 1607 limis
630 1578 780 1607 oculis.—
793 1574 924 1615 [Limat]
952 1576 1053 1616 ‘quasi
1070 1576 1143 1604 lima
1156 1574 1266 1610 atterit,
1289 1579 1366 1603 atte—

157 1631 251 1650 nuare
279 1621 421 1650 conatur!
441 1636 482 1641 -
496 1619 648 1659 [venenat]
679 1623 731 1648 ‘ut
758 1618 903 1657 serpens.'
918 1615 1130 1659 —[Rident]„
1148 1618 1156 1633 ‘
1172 1617 1255 1646 Rure
1279 1624 1368 1647 nemo

157 1663 232 1692 mibi
255 1662 389 1698 invidet3
414 1663 621 1692 tantummodo
648 1661 746 1696 vicini,
766 1661 791 1690 si
812 1661 933 1699 quando
955 1660 1028 1690 dicis
1052 1666 1082 1689 et
1099 1659 1160 1698 joci
1183 1659 1272 1688 causti
1293 1658 1368 1696 ligo-
1388 1684 1390 1689 .

155 1715 227 1735 nem
242 1706 287 1735 vel
304 1715 432 1734 marram
455 1710 558 1740 tracto,
580 1704 746 1742 subrident,
765 1703 836 1741 quia
856 1713 917 1732 non
937 1703 1001 1733 sine
1013 1703 1103 1732 causti
1117 1702 1224 1731 horum
1245 1707 1368 1740 operum
1385 1713 1390 1739 f

154 1748 255 1777 minus
270 1748 384 1786 peritus
398 1747 435 1776 iis
449 1746 572 1776 videor.'
1203 1745 1205 1747 '
1352 1748 1356 1762 ²
1389 1743 1390 1746 ’

198 1790 331 1819 26—30.
357 1790 447 1826 [Cum
462 1786 569 1827 servis]
594 1790 602 1804 ‘
615 1788 664 1817 Sic
679 1788 799 1817 firmum
815 1797 870 1825 ego
885 1787 1069 1826 propositum
1085 1791 1192 1817 teneo:
1215 1794 1267 1814 vos
1282 1782 1368 1820 servi,

156 1832 294 1862 homines
309 1833 388 1861 leves
403 1837 493 1869 atque
508 1831 721 1866 inconstantes,
742 1830 818 1859 illud
832 1839 950 1868 semper
964 1828 1150 1863 desideratis,
1173 1827 1254 1866 quod
1268 1827 1367 1864 procul
1382 1836 1390 1858 1

158 1885 176 1904 a
191 1875 273 1904 vobis
289 1879 351 1908 θεῖς
375 1879 406 1903 tu
422 1873 516 1902 mavis
534 1874 637 1902 Romae
653 1874 762 1910 degere
784 1879 814 1902 et
836 1882 904 1901 cum
922 1872 1021 1902 ceterai
1041 1871 1109 1900 meti,
1127 1870 1240 1900 familiai
1256 1869 1390 1898 urbarffi*

158 1927 222 1946 esse
237 1918 346 1954 diaria,
366 1916 525 1950 demensa,’
542 1916 631 1951 cibos,
653 1915 705 1953 qui
726 1924 779 1953 per
795 1914 929 1952 singulos
945 1914 1008 1944 dies
1022 1923 1039 1942 a
1054 1913 1259 1951 dispensatore
1278 1910 1366 1940 servis
1385 1941 1390 1944 Α

159 1959 374 1993 demetiuntur,
403 1958 512 1987 additis
540 1967 651 1987 mensae
680 1956 784 1986 herilis
811 1957 1008 1995 reliquiis.-—-
1021 1953 1153 1995 [rodere]
1183 1953 1295 1983 comice
1317 1960 1365 1992 pre
1385 1958 1390 1982 ἔ.

158 2003 168 2018 ‘
179 2002 266 2031 avide
282 2000 479 2030 munducare.’
490 2017 530 2021 -
542 1998 622 2039 [volo
645 1998 722 2038 ruis]
747 2001 754 2015 ‘
766 1999 832 2028 Hoc
848 2005 880 2028 tu
899 2007 1088 2036 summopere
1103 2003 1197 2036 optas,
1222 2001 1255 2025 ut
1269 2004 1365 2024 rursm
1387 1994 1390 2030 ἶ

158 2043 281 2074 familiae
302 2045 424 2072 urbanae
445 2042 633 2080 aggregeris:
658 2048 760 2071 contra
774 2042 838 2070 calo
854 2041 920 2079 (qui
941 2041 1091 2078 lignorum
1113 2048 1214 2068 euram
1234 2037 1312 2076 gerit
1332 2039 1364 2066 αι’
1388 2038 1390 2041 ’

158 2096 247 2115 usum
262 2084 398 2123 culinae),
413 2085 502 2113 homo
522 2093 593 2113 sane
607 2085 732 2113 callidus
747 2093 780 2112 ac
795 2083 885 2119 vafer,
901 2083 949 2120 (ut
962 2082 1018 2112 sibi
1034 2088 1112 2112 certe
1128 2081 1255 2115 videtur,
1277 2089 1363 2117 quun
1387 2092 1390 2105 ⁴

158 2138 207 2157 me
222 2128 328 2157 herum
345 2128 496 2156 interdum
513 2127 624 2164 decipit
639 2132 668 2156 et
683 2126 840 2155 defraudat
851 2124 876 2163 ι)
897 2125 1024 2154 liberum
1041 2124 1094 2153 tibi
1117 2133 1203 2152 usum
1218 2131 1317 2151 rerum
1332 2122 1363 2150 at
1386 2127 1390 2152 “.

157 2171 269 2199 victum
285 2170 517 2199 necessariarum
533 2169 656 2203 invidet,
681 2169 736 2206 ipsi
753 2177 819 2197 cum
836 2167 937 2196 omnia
956 2166 1158 2196 demetiantur
1172 2169 1202 2194 et
1223 2173 1316 2201 usque
1332 2164 1362 2192 a(
1383 2170 1390 2208 4³

158 2213 276 2242 u‘nciam
299 2211 575 2250 ponderentur.'-—
589 2208 755 2250 [ephippia]
779 2208 933 2250 ἐφίππιον
953 2210 1094 2248 στρῶμα,
1117 2206 1277 2244 “tegimen
1300 2215 1358 2244 equ
1385 2222 1390 2255 ἑ

157 2255 195 2284 ad
219 2255 338 2283 mollem
365 2261 516 2283 vecturam
542 2253 710 2292 paratum.”
745 2253 868 2282 Nonius.
915 2251 995 2280 Male
1024 2248 1160 2290 nonnulli
1184 2250 1363 2287 conjungam
1386 2257 1390 2294 1

153 2299 240 2336 piger
267 2298 407 2333 caballus,
442 2306 510 2324 nam
540 2305 638 2333 neque
667 2295 743 2333 pigri
772 2300 817 2323 est
844 2303 928 2323 arare
959 2293 1044 2327 velle,
1073 2297 1104 2321 et
1129 2292 1225 2330 piger,
1256 2290 1362 2331 tardus·

156 2345 201 2369 est
220 2340 275 2368 suti.
294 2340 401 2368 natura
421 2340 482 2368 bos.
505 2338 592 2367 Ovid.
609 2339 676 2367 Am.
695 2337 722 2373 l,
740 2336 787 2373 13,
804 2336 852 2372 16,
871 2337 974 2366 Prima
995 2344 1078 2365 vocas
1100 2335 1200 2363 tardas
1224 2333 1278 2363 sub
1289 2330 1361 2372 jugo
