1390 2586
129 130 208 171 1522
560 130 930 161 INTERPRETATIO.
1265 129 1351 171 [sm.

124 238 239 259 morem
255 239 362 267 gerens
378 229 462 259 fruor
477 234 556 258 sorte
572 229 662 267 longe
684 228 839 262 feliciore:
863 228 975 258 etenim
999 229 1111 259 amicos
1132 227 1230 259 habeo
1252 227 1284 258 in
1305 237 1354 259 me

127 282 213 310 aeque
228 273 422 311 indulgentes
438 277 468 301 et
483 281 583 301 comes
597 278 689 310 atque
702 281 758 310 ego
773 272 804 300 in
819 271 886 301 illos
899 272 985 301 sum!

623 371 783 402 SATIRA
808 371 861 402 1v.

170 440 306 470 ARGUM.
331 440 491 478 Octoginta
513 439 632 469 circiter
654 445 725 469 ante
747 439 910 468 Horatium
932 438 1020 468 annis
1043 438 1178 468 Lucilius
1193 438 1287 469 veteri
1309 438 1355 469 illi

130 483 223 512 Ennii
246 483 344 512 satirae
368 483 494 512 formam
517 492 639 521 prorsus
661 491 770 511 novam
786 482 921 516 dederat,
936 491 1029 519 quum
1055 491 1116 511 suae
1142 481 1240 511 aetatis
1262 480 1356 511 vitam

127 534 286 562 moresque
309 526 385 554 salse
409 525 602 554 describeret.
647 525 717 553 Post
734 524 884 553 Lucilium
908 533 996 553 nemo
1021 523 1052 553 in
1076 524 1133 553 hoc
1156 533 1266 562 genere
1287 533 1356 553 cum

126 567 216 595 laude
239 567 412 603 elaboravit,
435 568 546 596 frustra
567 567 599 596 id
621 572 747 605 experto
760 567 791 596 P.
814 565 957 595 Terentio
973 566 1106 595 Varrone
1122 564 1355 604 Atacino‚(sat.

130 609 158 643 l,
177 609 223 643 10,
240 609 305 648 46.)
323 611 418 639 donec
437 609 580 639 Horatius
603 609 760 638 exsisteret
782 618 877 637 novus
901 608 1028 638 satiricae
1049 608 1149 648 poesis
1172 613 1286 644 auctor,
1302 608 1355 638 sed

129 657 264 689 tempore
284 662 301 681 a
328 653 486 682 Luciliana
510 657 600 680 aetate
623 652 753 680 multum
777 651 904 680 diverso.
949 651 1019 680 Non
1035 650 1127 688 igitur
1141 650 1251 679 mirum
1269 650 1356 680 nobis

128 694 226 722 videri
241 700 339 732 potest
355 696 391 723 ab
409 695 475 723 aliis
490 695 525 723 ea
541 699 629 723 aetate
653 694 785 723 nativam
811 693 986 722 Horatianae
1009 693 1107 722 satirae
1132 692 1358 731 simplicitatem

128 741 158 765 et
177 743 294 774 gratam
317 737 463 765 sermonis
491 736 707 774 negligentiam
730 746 791 774 prae
813 736 867 764 illa
889 735 984 773 magis
1006 734 1167 764 artificiosa
1188 734 1358 764 carminum

127 780 356 816 pangendorum
373 779 489 808 ratione
505 779 668 807 fastiditam
690 788 767 814 esse,
786 779 824 807 ab
845 778 910 807 aliis
926 784 1045 816 poetam
1068 782 1101 806 ut
1123 778 1275 812 acerbum,
1288 777 1356 806 livi-

128 821 212 856 dum,
235 822 418 850 malitiosum
434 831 498 850 esse
515 821 727 859 vituperatum.
772 821 841 850 Jam
860 825 965 849 contra
990 820 1044 849 hos
1065 819 1201 848 sinistros
1222 828 1356 849 rumores

127 869 158 892 et
178 873 271 900 prava
288 864 404 901 judicia
433 869 466 892 ut
488 873 520 892 se
550 863 735 899 defenderet,
759 863 837 892 hanc
858 862 980 891 satiram
1003 861 1187 900 conscripsit.
1209 859 1365 900 Heindorf

129 910 159 934 et
175 906 252 935 Zell.
270 905 404 944 (Scripta
420 906 540 934 videtur
556 905 726 935 Kirchnero
742 913 772 934 Α.
789 913 820 934 u.
838 913 865 933 c.
882 903 968 939 722.)

173 947 262 977 1—5.
288 947 444 987 [Eupolis]
474 948 603 980 Quintil.
636 948 684 982 10,
712 947 738 983 l,
769 947 827 976 65:
859 948 994 986 Antiqua
1019 947 1201 975 comoedia—
1215 945 1355 975 acundis-

127 991 209 1019 simae
224 991 373 1020 libertatis
395 996 439 1020 est
461 995 489 1020 et
512 991 691 1020 insectandis
705 991 787 1019 viciis
798 989 1109 1028 praecipua—Plures
1123 987 1188 1027 ejus
1203 991 1355 1018 auctores:

128 1033 343 1071 Aristophanes
358 1037 453 1063 tamen
468 1037 497 1062 et
511 1033 635 1071 Eupolis
659 1033 855 1071 Cratinusque
874 1033 1027 1070 praecipui.
1072 1030 1188 1062 Quanti
1212 1029 1358 1059 Horatius

127 1074 233 1104 fecerit
257 1075 402 1113 Eupolin‚
426 1075 547 1112 colliges
571 1085 608 1104 ex
634 1075 696 1104 Sat.
719 1075 749 1109 2,
774 1074 804 1109 3,
829 1072 1078 1112 12.—[prisca]
1101 1072 1204 1101 Critici
1221 1072 1358 1101 Alexan·

129 1116 219 1153 drini,
236 1123 269 1146 ut
290 1123 394 1146 notum
411 1124 466 1153 est,
484 1116 687 1146 distinxerant
711 1117 889 1145 comoediam
913 1116 1068 1153 antiquam
1085 1112 1273 1154 (ἀρχαίαν),
1288 1123 1357 1152 quae

129 1159 219 1188 desiit
235 1160 265 1188 in
283 1160 498 1198 Aristophane,
512 1159 654 1194 mediam,
676 1168 795 1193 novam,
811 1160 896 1196 cujus
916 1157 1058 1196 praecipui
1073 1163 1210 1186 auctores
1226 1157 1357 1186 Menan-

129 1202 193 1237 der,
219 1202 372 1240 Diphilus,
398 1203 542 1230 Philemo.
589 1202 645 1230 Pro
669 1201 795 1238 vulgari,
830 1203 940 1238 ‘atque
967 1200 1017 1229 alii
1043 1199 1177 1237 antiquae
1203 1198 1358 1242 comoediae

128 1245 286 1278 auctores:
311 1244 404 1273 veluti
431 1245 644 1282 Epicharmus,
671 1243 873 1278 Pherecrates,
902 1243 996 1277 Plato,
1022 1241 1127 1270 itidem
1154 1241 1186 1270 in
1211 1250 1359 1270 canonem

129 1286 266 1315 criticum
286 1286 398 1325 recepti
421 1289 458 1315 ab
479 1286 708 1316 Alexandrinis.
733 1285 794 1314 Cfr.
812 1287 872 1314 Sat.
891 1284 917 1320 l,
935 1285 984 1320 10,
1006 1284 1105 1314 16.-
1120 1281 1282 1323 [describi]
1306 1284 1359 1313 de-

128 1330 257 1358 scribere
285 1339 330 1367 pr.
361 1334 500 1358 accurate
529 1329 656 1367 alicujus
686 1328 812 1356 formam
842 1332 895 1356 aut
930 1336 1027 1356 mores
1063 1326 1242 1364 exprimere,
1274 1326 1358 1354 unde

129 1372 288 1409 descriptio
317 1369 498 1410 χαρακτὴρ,
523 1380 613 1400 sensu
641 1369 802 1404 rhetorico,
827 1370 888 1399 Cic.
910 1369 985 1407 Top.
1007 1369 1048 1398 22
1061 1366 1277 1407 *.—-[alioqui
1296 1368 1359 1397 Fa-

129 1412 240 1452 mosus]
265 1413 358 1442 veluti
382 1414 530 1448 falsarius,
558 1410 728 1453 ῥίψασπις,
754 1412 836 1441 vafer
860 1411 1004 1449 sophista,
1026 1411 1123 1440 malus
1145 1417 1244 1449 poeta,
1267 1409 1362 1449 homo,

130 1456 270 1485 turbidus
286 1466 320 1485 ac
337 1456 488 1490 factiosus,
505 1461 538 1485 ut
554 1457 648 1484 Cleon
663 1462 694 1483 et
710 1455 913 1492 Hyperbolus.

172 1498 288 1528 6—12.
315 1496 413 1537 [Hinc
428 1497 535 1534 omnis]
559 1499 606 1528 Jo.
623 1497 805 1526 Laurentius
822 1497 926 1534 Lydus
941 1495 978 1524 de
993 1495 1127 1531 magistr.
1143 1495 1182 1524 R.
1199 1494 1236 1523 R.
1256 1493 1283 1530 1,
1299 1494 1358 1523 41:

130 1538 271 1570 Ῥίνθων
287 1538 468 1580 ἑξαμέτροις
484 1537 604 1581 ἔγραψε
620 1540 748 1579 πρῶτος
763 1535 946 1578 κωμῳδίαν·
969 1535 1002 1571 ἐξ
1025 1533 1062 1567 οὗ
1088 1537 1218 1575 πρῶτος
1237 1534 1359 1574 λαβὼν

130 1582 191 1617 τὰς
218 1580 365 1623 ἀφορμὰς
393 1581 562 1617 Λουκίλιος
592 1580 608 1611 ὁ
633 1578 802 1620 Ῥωμαῖος,
829 1579 1015 1619 ἡρωϊκοῖς
1044 1577 1182 1608 ἔπεσιν
1212 1575 1358 1617 ἐκωμι’-

132 1623 233 1662 ὂησε.
279 1622 357 1654 Μεθ’
385 1624 426 1655 ’ὃν
449 1624 501 1654 καὶ
525 1623 600 1660 τοὺς
621 1621 688 1663 μετ’
709 1622 822 1658 αὐτὸν,
839 1622 894 1657 οὓς
910 1621 1046 1652 καλοῦσι
1060 1618 1213 1660 Ῥωμαῖοι
1228 1590 1359 1660 car-vbi-

131 1667 217 1703 κοὺς,
233 1664 263 1696 οἱ
278 1666 425 1708 νεώτεροι
440 1666 501 1696 τὸν
517 1666 682 1706 Κρατίνου
699 1665 751 1696 καὶ
769 1661 953 1700 Εὐπόλιδος
976 1663 1167 1703 χαρακτῆρα
1192 1661 1360 1698 ζηλώσαν-

131 1719 194 1747 τες,
220 1710 288 1745 τοῖς
311 1708 371 1749 μὲν
391 1707 568 1744 Ῥίνθωνος
588 1706 725 1748 μέτροις,
748 1708 817 1743 τοῖς
841 1705 873 1736 δὲ
898 1708 964 1736 τῶν
984 1703 1278 1746 μνημονευθέντων
1293 1702 1360 1734 δια-

132 1752 266 1791 συρμοῖς
282 1749 493 1791 χρησάμενοι,
509 1751 573 1788 τὴν
589 1749 768 1791 σατυρικὴν
783 1748 965 1789 treptia-uuaz)
980 1745 1358 1789 κωμῳδίαν.-[Ρεηιίει]

131 1802 281 1832 quatenus
303 1804 415 1831 genere
435 1793 587 1831 ceteroqui
610 1794 728 1822 diverso
750 1794 886 1822 imitatus
902 1796 947 1820 est
962 1791 1140 1820 comoediam
1155 1790 1310 1828 antiquam
1326 1789 1359 1818 in

131 1846 167 1865 eo
189 1842 280 1871 certe,
297 1837 378 1874 quod
401 1837 539 1865 homines
561 1835 653 1864 etiam
675 1842 746 1864 tunc
769 1835 904 1863 viventes
927 1839 958 1863 et
981 1833 1146 1862 honoribus
1167 1842 1236 1861 usos
1259 1831 1358 1861 nomi-

131 1879 228 1908 natim
245 1879 401 1916 descripsit
417 1884 507 1916 atque
523 1877 665 1907 ridiculos
680 1878 820 1911 reddidit.
833 1893 874 1899 -
888 1873 1039 1915 [facetus]
1056 1876 1260 1905 Perurbanum
1274 1879 1360 1903 vocat

132 1921 240 1951 Cicero
259 1927 290 1950 et
312 1922 497 1950 vernaculam
511 1919 709 1959 festivitatem
730 1920 756 1949 ei
778 1919 883 1948 tribuit
897 1919 935 1947 ad
951 1919 1034 1948 Fam.
1048 1918 1078 1953 9,
1097 1917 1144 1947 15.
1190 1915 1360 1956 [Emunctae

131 1962 230 2002 naris]
256 1964 264 1978 ‘
275 1963 327 2001 qui
350 1963 436 1992 facile
452 1964 628 1992 odoraretur
644 1968 674 1992 et
688 1967 774 1991 acute
790 1961 1043 1991 animadverteret
1058 1959 1220 1998 aequalium
1235 1967 1359 1988 suorum

131 2006 227 2035 vitia.’
273 2006 446 2044 Opponitur
467 2005 558 2034 homo
581 2007 672 2035 obesae
694 2006 839 2034 naris.—
853 2001 1020 2043 [dictabat]
1042 2011 1135 2040 puero
1161 2010 1179 2030 a
1200 2010 1304 2036 manu,
1327 2006 1362 2030 ut

132 2049 270 2078 solebant
284 2047 412 2086 antiqui.
426 2063 468 2068 —
480 2046 577 2087 [stans
597 2049 673 2086 pede
689 2049 720 2076 in
735 2044 806 2085 uno]
832 2048 1004 2084 ‘tamquam
1021 2043 1207 2073 ludibundus
1219 2044 1236 2078 ς’
1260 2043 1360 2080 imago

131 2097 253 2129 sumpta
276 2091 323 2120 vel
346 2100 364 2119 a
386 2090 488 2129 pueris
511 2090 552 2119 sic
575 2090 655 2119 inter
677 2099 708 2118 se
731 2088 916 2124 ludentibus,
937 2088 984 2116 vel
1007 2096 1026 2116 a
1047 2086 1283 2120 circulatoribus,
1306 2084 1360 2123 qui

130 2134 250 2170 popello
274 2137 452 2168 monstrant,
477 2132 622 2171 quamdiu
646 2132 689 2161 sic
714 2141 744 2161 se
767 2131 916 2160 sustinere
931 2126 1234 2168 possint—[Quum
1249 2128 1360 2165 flueret

132 2174 309 2214 lutulentus]
334 2176 342 2190 ⁴
354 2176 518 2214 Propterea
534 2175 614 2213 quod
630 2175 725 2203 multa
741 2174 855 2203 diceret
869 2172 1059 2211 negligenter
1073 2175 1163 2209 atque
1177 2169 1358 2206 inordinate,

162 2258 179 2274 ⁴
198 2258 311 2283 Rectius
331 2258 447 2282 Orellius
459 2259 528 2290 quod
545 2258 632 2282 malm
650 2265 681 2282 ac
693 2257 751 2288 sar.
776 2256 830 2281 cic.
843 2255 913 2280 Phil.
926 2255 966 2284 14,
979 2255 1002 2284 3,
1018 2254 1191 2282 Testamenta,
1203 2252 1288 2282 credo,
1300 2251 1360 2276 eub-

121 2291 224 2322 ficiunt
246 2294 294 2315 aut
317 2293 429 2323 ejiciunt
449 2292 549 2315 vicinos
571 2293 619 2315 aut
640 2291 846 2315 adolescentulos
867 2288 1104 2313 circumecriount‚·
1132 2286 1173 2310 nie
1195 2286 1264 2309 enim
1286 2285 1359 2308 vitiis

126 2324 231 2354 affecto-⁴5
249 2325 354 2348 malos
375 2326 399 2348 et
411 2325 532 2354 ,audaces
551 2324 686 2355 appellare
703 2323 769 2347 solet
786 2321 952 2347 consuetudo.
988 2319 1038 2345 Est
1055 2319 1139 2351 igitur
1155 2317 1237 2343 homo
1246 2317 1360 2343 fraudu·

125 2356 225 2387 lentus,
238 2364 269 2382 ac
281 2358 319 2387 (et
330 2357 472 2388 propterea
483 2357 614 2388 quidem),
628 2356 652 2382 si
663 2355 766 2382 occasio
776 2355 867 2380 oblata
877 2356 927 2384 est,
935 2354 994 2385 sur.
