1390 2586
0 0 155 152 {aiffa
170 75 218 118 2.]
472 74 850 105 ιΝΤΕΒΡιιΕΤΑΤῙο.
1210 75 1289 117 261

0 136 49 177 J·

92 192 113 202 ιι
132 173 234 216 δῆσαι
257 173 312 206 οἶά
335 174 428 206 ἐστιν
451 173 555 206 αὐτοῦ
574 174 630 206 καὶ
650 175 770 215 ταῦτα,
788 172 830 206 Ὦ
847 171 959 206 πέπον
973 172 1135 218 Ἀρχύτα,
1159 174 1293 216 ψαλλη-

69 242 73 246 .
159 218 348 260 ὀλβιότυφε,
372 220 442 256 Τῆς
466 217 603 258 ὑπάτης
625 216 729 260 ἔριδος
752 217 895 250 πάντων
917 217 1122 260 ἐμπειρότατ’
1146 218 1291 262 ἀνδρῶν·

34 250 90 303 '³⁵⁴3
110 243 198 300 nitus,-
223 262 279 294 καὶ
301 262 468 304 μουσικὴν
492 261 546 294 καὶ
573 262 776 304 γεωμετρίαν
792 259 967 297 διέπαιζεν.
1013 265 1033 279 “
1048 264 1127 294 Sunt
1150 264 1290 304 disputa-

85 323 89 332 »
106 326 125 333 a*
148 307 255 337 Bionis
277 306 466 345 philosophi,
485 306 598 345 quibus
619 307 781 336 stultitiam
798 306 901 344 arguit
916 306 1011 344 vulgi,
1034 307 1082 336 cui
1105 317 1194 346 paene
1215 318 1290 338 con—

56 391 86 420 Ἣ
103 399 167 424 tus
183 399 239 430 est,
259 394 293 423 in
317 393 405 429 libro,
424 403 517 432 quem
533 393 640 428 edidit,
663 392 902 423 mordacissimis
918 393 1034 423 salibus
1050 404 1096 430 ea,
1121 405 1190 433 quae
1205 396 1288 435 apud

59 437 81 474 ζ
97 451 102 463 a
150 442 234 473 sunt,
251 436 295 466 ita
310 437 466 473 laceravit,
481 443 515 466 ut
531 446 570 466 ne
588 437 725 466 Homero
741 436 867 475 quidem
884 437 1055 475 parceret.’‘
1086 440 1158 468 Aer.

68 477 210 516 ‘64-71.
236 477 373 520 [Praeter
394 478 511 520 cetera]
543 482 627 519 ‘prae
652 480 774 519 ceteris,
799 486 871 510 ante
895 480 1020 516 omnia,'
1047 487 1082 510 ut
1101 491 1183 520 saepe
1205 482 1291 521 apud

0 529 18 547 ἰ
109 540 154 546 -
169 521 341 564 [sponsum]
366 524 428 553 Sat.
445 524 475 559 2,
491 524 520 559 6,
536 523 587 559 23,
611 524 726 562 Romae,
746 534 912 563 sponsorem
928 533 973 553 me
987 526 1081 563 rapis.
1097 541 1140 546 —
1153 523 1287 566 [officiis]

15 583 17 593 ι
59 582 83 593 a·
104 567 287 605 moralibus,
311 573 346 596 ut
370 567 414 596 ita
430 567 549 601 dicam3
573 567 626 596 sed
647 567 800 602 civilibus,
821 577 895 605 erga
917 567 1031 597 amicos
1054 569 1290 607 praesertim.—-

92 626 115 636 aa
141 608 155 650 ]
191 611 292 649 ‘aeger
314 610 419 649 jacet!
458 611 555 642 Schol.
577 626 619 632 —-
637 608 801 650 [extremo]
837 610 895 640 ‘in
922 612 1063 641 extrema
1089 618 1176 650 purte
1202 612 1288 643 collis

30 651 189 690 ’γεωίιιῇ
216 653 269 693 qui
295 653 451 686 Quirinali
475 664 492 684 e
518 653 644 692 regione
666 654 826 693 oppositus
841 654 975 683 multum
998 656 1037 684 ab
1062 664 1098 684 eo
1121 655 1289 686 distat!—

24 731 26 733 ,
41 703 51 714 Υ
86 695 190 737 mane]
216 707 341 736 prorsus
357 702 390 726 ut
407 695 554 732 ἐπιεικῶς
570 702 600 727 et
614 696 763 738 μετρίως,
787 707 842 737 pro
868 699 876 713 ‘
888 697 972 730 satis,
988 698 1155 728 admodum
1171 699 1287 738 plane.’
1326 722 1330 725 ,

50 754 55 760 ’-
83 746 105 771 t.
122 740 212 770 Polit.
229 740 302 776 261,
327 741 364 770 A.
389 740 486 771 τοῦτο
508 742 647 781 μετρίως
667 738 852 782 ἀφέστηκεν
876 738 937 770 ἀπ’
960 738 1102 771 ἐκείνων.
1148 742 1198 772 Sic
1219 753 1286 779 nos,

11 812 15 822 ,
72 807 74 809 .
97 789 140 824 ty,
158 785 233 823 fine,
259 785 425 824 charming,
457 785 567 814 effidem
600 781 755 825 εἰρωνείᾳ.
783 801 824 806 -
851 781 996 824 [Verum]
1037 785 1111 815 Haec
1136 785 1194 815 sibi
1220 786 1286 825 ipse

10 822 11 825 ¹
91 823 100 836 '
114 823 284 868 εἰρωνείαν
299 827 416 866 objicit,
434 833 470 857 ut
484 827 588 857 statim
613 828 734 857 refutet.
747 843 791 848 —
808 826 934 868 [Puroe]
959 830 966 843 ‘
980 837 1084 858 vacuae
1099 829 1286 866 obstaculis:

59 879 92 900 ιι
116 871 244 900 ‘coeno.'
259 886 302 893 —
321 868 471 911 [calidus]
496 871 620 900 ‘studio
646 871 820 901 aedificandi
844 871 989 900 incensus
1018 877 1049 901 et
1072 873 1160 902 valde
1194 883 1286 903 occu-

26 940 28 943 Α
63 912 65 914 ’
91 927 130 950 ι;,
152 914 197 944 ita
213 919 247 944 ut
270 914 497 944 occurrentium
518 915 635 944 nullam
661 924 766 944 curam
790 915 952 953 geratss—
969 912 1074 954 [mulis
1093 915 1284 956 gerulisque]

44 963 118 988 at.
143 958 153 974 ‘
164 967 236 987 cum
252 958 346 987 mulis
360 963 391 988 et
406 957 584 998 bajulis.’—
597 955 800 998 [redemptor]
822 955 1019 999 ἐργολάβος,
1038 960 1087 989 the
1103 964 1283 990 contractor.

24 1082 26 1084 v
68 1022 206 1080 72’—7'6.
240 1041 407 1084 [Torquet]
437 1045 446 1060 ‘
461 1044 648 1083 Torquendo
672 1054 728 1083 per
753 1044 905 1074 trochleas
922 1045 1034 1074 attollit
1048 1045 1195 1085 lapidem,
1220 1047 1285 1086 qui,

31 1086 34 1087 ⁷
101 1097 254 1124 cavemus,
281 1087 368 1117 facile
384 1097 440 1117 nos
456 1087 602 1118 collidat.'
615 1104 659 1109 —
673 1086 824 1128 [sunem]
864 1088 927 1118 Cfr.
943 1089 1005 1123 Sat.
1025 1089 1052 1124 1,
1068 1089 1099 1127 6,
1113 1089 1164 1119 43.
1212 1091 1220 1105 ‘
1235 1091 1284 1120 Ex

47 1131 91 1162 ί
105 1131 216 1171 plateae
231 1137 317 1170 parte
334 1131 464 1161 veniunt
478 1131 598 1167 funera,
620 1141 659 1161 ex
682 1132 779 1161 altera
794 1131 932 1170 ingentia
948 1132 1132 1162 rusticorum
1149 1133 1286 1172 plaustra

16 1171 38 1202 ‚⁴
71 1173 206 1204 vicissim
227 1183 293 1204 sese
308 1174 484 1213 impediunt
497 1181 590 1213 atque
608 1175 741 1213 urgent!
762 1192 804 1197 —-
823 1173 944 1215 [sugit]
973 1177 981 1191 ‘
993 1176 1151 1205 celerrime
1167 1177 1285 1213 currit,’

37 1232 50 1256 .'
83 1223 130 1247 est
154 1224 266 1247 natura
289 1217 382 1256 hujus
406 1217 506 1248 morbi
531 1216 783 1258 pestiferi—[I
795 1216 889 1258 nunc]
917 1219 960 1248 ‘si
986 1219 1095 1258 potes!
1121 1219 1186 1249 Cfr.
1203 1221 1283 1260 Epp.

27 1276 49 1294 ι,
73 1259 104 1297 6,
123 1260 170 1297 17.
186 1277 228 1283 —-
244 1258 400 1300 [canoros]
424 1263 432 1277 ‘
443 1263 521 1291 bene
537 1262 732 1291 modulatos!
744 1278 787 1283 —
799 1259 906 1302 [fugit
921 1261 1039 1301 urbem]
1057 1265 1064 1279 ‘
1078 1263 1156 1293 vitat
1176 1265 1283 1294 multi-

23 1297 166 1335 dinem
178 1304 186 1317 ’
207 1314 303 1343 quum
319 1302 408 1344 fugit
423 1306 512 1335 urbes
526 1305 628 1344 potius
643 1305 807 1344 significet,
831 1307 838 1321 ‘
851 1315 912 1335 non
929 1306 1048 1336 accedit
1062 1307 1102 1336 ad
1118 1306 1284 1337 urbes?—

0 1348 2 1350 ’
42 1344 132 1388 Rite]
155 1347 295 1383 ‘merit0,
312 1348 574 1386 quemadmodum
591 1349 692 1384 debet,
705 1348 821 1383 cliens,'
839 1349 894 1378 διο.

65 1390 120 1428 79,
136 1391 187 1421 80.
213 1389 402 1431 [contracta]
430 1391 570 1431 Propert.
585 1391 615 1427 3,
640 1391 668 1427 l,
696 1391 746 1428 15,
770 1392 840 1422 Non
858 1393 951 1422 datur
972 1393 1014 1422 ad
1028 1393 1135 1422 Illusas
1162 1403 1283 1425 currere

18 1443 19 1446 ’
48 1433 49 1437 ’
76 1443 85 1458 ι’
117 1436 178 1470 vid,
211 1435 322 1469 ‘arctii,
347 1435 486 1464 nondum
516 1435 706 1464 imitatorum
738 1436 827 1465 turbz‘i
853 1436 984 1475 protrita
1014 1446 1049 1465 ac
1075 1437 1284 1466 dilatata!—

38 1476 221 1519 ffngenium]
250 1480 258 1495 ‘
270 1477 366 1515 Quid,
382 1479 466 1517 quod
482 1488 563 1518 saepe
579 1479 720 1508 videmus
736 1488 788 1508 eos
804 1478 897 1517 ipsos,
917 1479 970 1517 qui
986 1489 1041 1518 per
1057 1480 1184 1517 longum
1202 1487 1281 1510 tem-

10 1551 11 1554 ,
44 1531 45 1534 ¹
73 1544 76 1547 .
104 1521 138 1551 ἰιι
162 1522 228 1551 loco
252 1522 290 1551 ab
317 1522 402 1551 omni
422 1522 552 1561 strepitu
576 1531 672 1552 vacuo
697 1528 727 1552 et
754 1522 958 1560 quietissimo,
985 1528 1019 1551 ut
1041 1529 1113 1552 sunt
1138 1524 1282 1561 Athenae,

35 1594 42 1606 ¹.
61 1574 179 1596 mmum
206 1574 262 1604 per
288 1565 385 1594 otium
409 1565 531 1602 litteris,
560 1565 645 1604 poesi
672 1565 704 1594 in
728 1565 846 1605 primis,
877 1575 983 1595 vacare
1009 1572 1188 1606 potuerunt,
1218 1578 1281 1598 non

35 1615 38 1616 ⁷
74 1608 246 1648 pervenire,
270 1613 305 1638 ut
324 1608 356 1638 in
373 1609 481 1638 urbem
498 1609 612 1638 reversi
628 1618 697 1638 cum
714 1619 855 1638 successu
870 1614 901 1638 et
917 1610 1112 1648 popularium
1129 1611 1282 1649 applausu

52 1666 55 1672 ·
86 1651 129 1681 ἰιι
145 1652 257 1687 colant,
279 1652 334 1681 sed
357 1661 440 1690 saepe
459 1652 583 1681 sibimet
605 1652 680 1691 ipsis
702 1652 899 1691 displicentes
920 1662 955 1682 ac
975 1652 1099 1682 timidos
1122 1654 1281 1684 silentium

0 1707 2 1710 >
74 1705 154 1732 vare,
179 1696 256 1725 adeo
282 1700 316 1724 ut
336 1694 508 1734 simplicem
524 1705 631 1724 eorum
648 1695 847 1725 timiditatem
868 1697 979 1734 vulgus
995 1696 1140 1733 irrideam
1165 1704 1281 1736 quanto

38 1747 126 1775 ,ιιιιιε
148 1748 206 1776 ego
228 1738 261 1767 in
284 1738 334 1768 his
349 1738 507 1778 perpetuis
531 1739 681 1768 molestiis
701 1739 860 1778 turbisque
880 1745 987 1778 potero
1010 1749 1196 1779 componere
1213 1751 1280 1771 car-

41 1797 57 1821 ,ι
88 1790 108 1812 a
128 1782 206 1812 mihi
222 1780 281 1820 ipsi
297 1782 370 1811 satis
389 1781 534 1812 facientia
543 1782 618 1811 ?’—
631 1780 774 1822 [vacuas]
800 1785 807 1799 ⁶
823 1782 946 1819 otiosas,
973 1783 1114 1821 quietas,’
1142 1790 1176 1814 ut
1197 1785 1279 1825 Epp-

40 1835 46 1861 ’,
69 1823 101 1862 7,
117 1825 169 1862 44,
192 1835 317 1855 vacuum
335 1825 440 1855 Tibur.

39 1862 200 1905 ful—85.
225 1866 392 1908 [insenuit]
414 1870 422 1884 ‘
436 1877 475 1898 ex
495 1867 644 1898 librorum
667 1868 792 1899 assidua
814 1869 946 1899 lectione
967 1869 1089 1899 senium
1104 1871 1280 1902 contraxit)

47 1907 55 1911 '
73 1909 194 1952 [statua
219 1909 420 1951 taciturnius]
445 1911 574 1942 Lucian.
591 1912 711 1950 Imagg.
734 1912 763 1948 1,
785 1910 903 1952 ἀχανῆ
933 1922 968 1942 σε
991 1912 1045 1942 καὶ
1073 1914 1142 1943 τῶν
1166 1912 1279 1956 ἀνδρι-

50 1989 51 1992 ,
88 1965 136 1986 ων
150 1952 388 1995 ἀκινητότερον
402 1953 581 1996 ἀποφανεῖ.
593 1971 636 1977 --
651 1954 702 1995 [V
699 1954 1004 1996 erbo-connectere]
1023 1957 1175 1986 ‘carmina
1193 1968 1278 1988 com-

63 2007 139 2028 ere
165 2004 230 2028 tam
255 1998 432 2034 laudabilia,
465 2004 500 2028 ut
522 1998 617 2037 digna
640 2000 703 2028 sint
735 2009 805 2038 quae
831 2000 871 2029 ad
894 2000 994 2039 lyram
1019 2007 1180 2037 canantur,
1204 2002 1279 2032 dum

48 2046 116 2081 ’,ιιιο
129 2041 297 2082 mediocria
312 2046 343 2071 et
357 2042 439 2071 mala
455 2042 654 2072 modulatur.'

46 2083 201 2124 soe—89.
226 2082 360 2125 [Romae]
389 2083 483 2115 ‘Duo
505 2091 594 2115 erant
618 2085 727 2115 Romae
755 2085 875 2122 fratres,
893 2085 974 2125 juris
999 2087 1157 2117 consultus
1183 2098 1275 2126 unus,

113 2134 226 2164 orator,
249 2134 280 2157 et
302 2125 429 2167 Quidem
450 2134 580 2167 uterque
600 2129 644 2159 ita
666 2129 832 2168 animatus,
854 2135 887 2159 ut
904 2135 1029 2169 propter
1045 2135 1185 2160 mutuam
1198 2133 1277 2163 cari-

93 2186 108 2197 ιι
146 2172 224 2202 alter
249 2171 381 2200 alterum
404 2172 551 2202 continuo
577 2172 785 2208 collaudaret3
818 2173 932 2202 idcirco
963 2178 1119 2203 oratorem
1145 2175 1276 2207 alterum

47 2247 50 2250 ⁴
73 2214 248 2245 Gracchum
263 2215 439 2254 appellabat
455 2215 536 2255 juris
550 2215 678 2255 peritus,
702 2216 785 2246 hunc
805 2222 907 2246 orator
926 2216 1058 2246 alterum
1075 2218 1115 2249 Q.
1133 2216 1277 2250 Mucium

44 2276 62 2286 ,-
98 2258 200 2295 olam,
223 2263 311 2298 pont.
334 2268 420 2289 max.
465 2259 578 2289 Nonne
601 2260 710 2289 eodem
733 2269 828 2299 prope
850 2259 954 2289 surore
977 2270 1009 2290 se
1031 2260 1164 2291 invicem
1183 2262 1276 2293 nimis

43 2299 45 2302 ⁴
83 2317 85 2321 ·
101 2301 168 2332 udi
188 2301 324 2342 percussi
346 2307 420 2332 sunt
439 2301 533 2332 etiam
553 2302 650 2334 nostri
665 2307 764 2343 poetae
776 2303 854 2334 2¹—-
868 2300 980 2343 [meros
991 2301 1130 2345 honores]
1152 2307 1277 2347 nothing

34 347 171 383 tiunt
194 350 332 380 carmina
357 350 527 380 Luciliana.
575 349 635 380 nic
661 355 765 379 autem
790 350 880 385 Bion,
906 349 959 388 qui
986 350 1147 389 Sophistes
1175 361 1291 390 cogno·
1343 384 1347 387 A
