1390 2586
126 113 151 149 6
490 119 748 148 SATIRARUM
777 119 864 146 Lm.
887 119 916 146 1.
937 107 976 146 3.

129 220 305 262 Maenius
324 219 529 260 absentem
551 218 726 259 Novium
749 217 842 257 dum
863 224 1068 272 carperet:
1090 216 1208 259 Heus
1227 225 1284 266 tu,

130 276 304 324 Quidam
325 276 392 323 ait,
414 275 573 330 ignoras
591 274 663 314 te?
683 289 733 314 an
755 282 798 314 ut
818 273 1002 328 ignotum
1022 272 1114 314 dare
1134 273 1248 315 nobis

129 333 264 372 Verba
284 330 427 386 putas?
487 330 660 386 Egomet
680 330 732 369 mi
754 329 930 384 ignosco,
957 327 1132 370 Maenius
1151 328 1294 384 inquit.

131 389 285 429 Stultus
307 396 347 428 et
366 387 568 441 improbus
591 386 654 426 hic
673 400 781 426 amor
803 393 874 434 est,
897 385 1123 440 dignusque
1143 385 1284 427 notari.

132 444 270 492 Quum
293 451 360 484 tua
381 443 586 498 pervideas
607 441 729 483 oculis
750 441 851 482 male
872 441 1004 495 lippus
1024 441 1210 491 inunctis,
1286 443 1340 481 25

131 501 215 540 Cur
234 501 273 540 in
294 499 508 540 amicorum
531 499 636 539 vitiis
657 506 736 538 tam
757 497 885 538 cernis
904 505 1078 546 acutum,

129 556 263 604 Quam
292 564 361 596 aut
390 555 524 610 aquila
548 563 617 595 aut
647 568 810 608 serpens
846 551 1119 608 Epidaurius?
1178 553 1236 594 At
1269 552 1341 594 tibi

242 621 378 652 contra

129 667 290 715 Evenit,
313 667 516 722 inquirant
536 667 632 707 vitia
652 674 695 706 ut
716 674 784 706 tua
802 680 938 707 rursus
957 673 999 706 et
1018 665 1089 708 illi.

132 724 362 764 Iracundior
382 731 442 764 est
461 722 605 777 paullo,
628 723 760 762 minus
779 730 895 776 aptus
914 721 1041 763 acutis

129 780 303 820 Naribus
323 779 462 820 horum
486 779 714 826 hominum3
745 777 863 819 rideri
885 777 1020 832 possit,
1043 792 1092 818 eo
1111 775 1218 832 quod
1289 779 1342 817 30

130 835 334 877 Rusticius
356 845 468 875 tonso
489 845 583 889 toga
602 835 754 883 defluit,
778 843 818 875 et
839 835 940 876 male
960 833 1074 874 laxus

132 892 179 931 Ιιι
202 893 303 946 pede
324 892 478 932 calceus
500 891 646 938 haeret3
676 901 718 932 at
737 898 798 931 est
818 891 956 938 bonus,
979 898 1023 930 ut
1043 889 1182 930 melior
1202 888 1262 929 vir

134 948 225 989 Non
239 1003 248 1012 ⁹
265 948 364 988 alius
403 948 627 1002 quisquam,
667 956 708 988 at
746 946 818 988 tibi
856 947 1018 995 amicus,
1057 954 1099 986 at
1137 944 1345 1001 ingenium

238 1019 381 1059 ingens

131 1059 288 1100 Inculto
310 1060 407 1100 latet
426 1059 500 1100 hoc
520 1059 592 1101 sub
614 1074 789 1114 corpore.
839 1058 1032 1112 Denique
1055 1066 1093 1098 te
1113 1057 1245 1111 ipsum

130 1116 326 1164 Concute,
350 1131 443 1156 num
462 1131 545 1170 ¹qua
566 1116 636 1155 tibi
659 1116 843 1156 vitiorum
864 1114 1054 1155 inseverit
1073 1114 1167 1154 olim
1290 1115 1343 1153 35

131 1171 296 1220 Natura,
319 1181 386 1212 aut
407 1172 525 1212 etiam
547 1172 792 1212 consuetudo
813 1171 935 1216 mala3
967 1184 1140 1225 namque

131 1227 337 1283 Neglectis
360 1228 509 1268 urenda
530 1228 611 1268 filix
634 1228 850 1270 innascitur
869 1226 987 1282 agris.

131 1283 233 1324 Illuc
255 1292 548 1338 praevertamur‚
571 1293 787 1325 amatorem
809 1283 915 1338 quod
934 1282 1072 1323 amicae

132 1339 287 1394 Turpia
307 1340 511 1394 decipiunt
532 1355 679 1381 caecum
702 1340 808 1389 vitia,
830 1348 899 1380 aut
919 1339 1038 1379 etiam
1057 1338 1144 1393 ipsa
1162 1336 1248 1378 haec

131 1395 361 1446 Delectant,
385 1396 507 1437 veluti
532 1397 746 1437 Balbinum
769 1397 939 1451 polypus
964 1395 1133 1450 Hagnae.
1295 1396 1346 1433 40

129 1451 288 1492 Vellem
310 1453 349 1492 in
370 1452 543 1493 amicitia
564 1452 620 1493 sic
639 1467 872 1502 erraremus,
895 1458 936 1492 et
954 1451 1019 1492 isti

131 1507 265 1548 Errori
288 1523 431 1549 nomen
456 1509 578 1550 virtus
600 1509 794 1563 posuisset
815 1509 1036 1548 honestum.

131 1565 189 1604 At
210 1573 321 1617 pater
341 1573 385 1606 ut
404 1565 529 1619 gnati,
551 1565 607 1605 sie
627 1580 698 1606 nos
718 1565 909 1605 debemus
928 1562 1058 1611 amici,

133 1620 174 1659 Si
197 1621 302 1674 quod
323 1621 373 1662 sit
394 1622 548 1669 vitium,
573 1636 651 1661 non
671 1620 872 1661 fastidire:
905 1619 1130 1660 strabonem

132 1677 324 1730 Appellat
344 1686 489 1731 paetum
513 1685 635 1731 pater,
659 1685 700 1717 et
719 1677 886 1731 pullum,
909 1675 1010 1716 male
1031 1688 1175 1730 parvus
1296 1676 1350 1714 45

134 1732 176 1771 Si
198 1733 261 1773 cui
284 1733 386 1774 filius
408 1742 479 1781 est,
503 1742 546 1774 ut
566 1733 766 1774 abortivus
787 1733 862 1773 fuit
881 1731 975 1772 olim

135 1788 351 1842 Sisyphus3
384 1789 488 1830 hunc
509 1804 642 1829 varum
665 1789 838 1830 distortis
859 1788 1063 1834 cruribus3
1095 1786 1208 1827 illum

135 1844 316 1886 Balbutit
335 1860 515 1886 scaurum
539 1845 668 1900 pravis
691 1845 833 1886 fultum
855 1844 956 1885 male
978 1843 1079 1885 talis.

136 1900 296 1941 Parcius
319 1902 381 1942 hic
402 1902 520 1942 vivit:
552 1902 658 1956 frugi
680 1902 845 1943 dicatur.
907 1900 1074 1954 Ineptus

133 1955 188 1997 Et
202 1957 416 2010 jactantior
438 1958 500 1998 hic
521 1958 654 2012 paullo
674 1966 756 1998 est:
788 1956 1006 1998 concinnus
1025 1954 1162 1996 amicis
1267 1988 1274 1996 .
1297 1957 1351 1994 50

135 2013 314 2054 Postulat
335 2022 378 2054 ut
399 2014 590 2054 videatur.
654 2014 710 2055 At
729 2022 789 2054 est
809 2012 1071 2054 truculentior
1089 2019 1212 2066 atque

134 2068 230 2109 Plus
250 2085 365 2124 aequo
386 2070 509 2111 liber:
541 2070 713 2124 simplex
734 2069 925 2124 fortisque
947 2068 1150 2109 habeatur.

134 2124 294 2164 Calclior
315 2135 395 2166 est:
428 2141 538 2167 acres
558 2125 663 2166 inter
683 2133 927 2167 numeretur.
986 2123 1158 2178 Opinor,

133 2180 234 2221 Haec
254 2196 316 2222 res
337 2191 377 2222 et
390 2183 542 2237 jungit,
560 2184 721 2236 junctos
742 2190 782 2223 et
802 2189 932 2223 servat
951 2179 1110 2222 amicos.

133 2237 190 2276 At
210 2251 280 2278 nos
301 2238 466 2279 virtutes
487 2239 590 2293 ipsas
610 2238 857 2287 invertimus,
878 2245 999 2292 atque
1298 2236 1350 2274 55

135 2292 343 2333 Sincerum
367 2295 548 2348 cupimus
569 2310 635 2335 vas
656 2295 887 2335 incrustare.
949 2291 1103 2333 Probus
1123 2289 1214 2346 quis
