1390 2586
72 4 87 27 ’.Ψ

54 27 129 98 ὧι.
142 69 168 93 ι.
180 58 231 100 α]
484 54 857 87 ιΝτΕΒΡκΕΤΑΤιο.
1213 52 1298 96 203

56 159 194 195 mni,
214 157 315 202 (quod
332 157 423 198 quale
447 156 488 186 sit
514 166 552 186 ex
573 162 604 187 te
626 155 755 195 quaesivi
777 165 825 186 vv.
851 155 936 186 5-—8
950 154 974 194 :)
1007 155 1040 184 in
1064 154 1147 185 hunc
1171 155 1298 185 modum

55 205 187 247 quin,
208 202 292 235 stulti
306 201 442 242 profecto
462 210 528 230 esse
542 210 598 239 pro
613 200 726 230 finibus
746 199 900 229 honorum
914 199 1027 228 habere
1048 207 1095 234 ea,
1116 209 1185 237 quae
1200 198 1301 237 prima

56 258 124 281 ..ε
141 246 279 290 Μαι
299 245 443 275 mortales
463 244 599 274 ducunt.’
611 259 654 266 —-
667 240 856 283 [argentum]
882 242 1008 280 factum,
1029 241 1062 271 in
1079 242 1186 280 primis
1203 242 1295 271 coela-

56 288 335 331 m—[naruwr
351 285 451 328 vetus]
482 287 659 326 anaglypha
681 292 712 316 et
731 291 847 316 statuas
871 287 908 316 ab
936 285 1108 324 insignibus
1134 285 1298 315 meliorum

55 339 227 376 mrim
244 342 264 364 ι
278 331 394 363 Pericle
416 333 455 361 ad
478 330 694 360 Alexandrum
719 330 761 359 M.
778 329 946 359 artificibus
971 328 1184 359 confectaa—
1198 326 1293 369 [aera]

55 383 128 411 vu
146 376 313 418 prasertim
339 374 568 405 Corinthia.—
586 371 699 414 [artes]
723 379 824 403 cetera
849 372 1001 403 artificum
1030 382 1123 411 opera
1151 372 1292 405 illustria.

55 418 180 462 (morl.
195 421 226 456 ⁴,
247 419 278 456 8,
299 417 346 458 2‚)
370 428 431 458 quo
446 427 510 448 voc.
534 417 686 456 significat
708 416 801 446 etiam
824 416 943 446 tabulas
964 413 1291 455 pictas.—[gemmis]

54 463 272 504 &plectitur
287 468 318 492 et
329 462 447 500 lapides
462 461 619 500 pretiosos,
640 460 774 489 maxime
794 460 842 489 vel
856 459 967 490 incisos
983 459 1030 489 vel
1045 459 1247 498 anaglyphOS,
1263 466 1295 489 et

52 506 192 542 -ίοπει
202 522 245 528 --
257 503 399 546 [Tyrios]
418 507 426 521 ‘
436 510 551 534 vestem
566 504 732 542 stragulam
748 512 944 542 purpuream,
957 502 1111 541 dibapha!

97 550 229 586 18—23.
254 547 396 589 [Gaude]
419 548 582 587 Duplicem
606 547 732 576 modum
753 548 819 586 jam
842 546 1004 584 signifieat,
1033 555 1094 584 quo
1120 545 1188 584 quis
1211 545 1294 575 bona

51 593 167 630 fflnvv.
180 593 230 629 17.
253 592 301 628 18,
317 597 497 622 enumerata
511 591 569 620 sibi
582 600 689 630 parere
714 595 817 628 queat,
838 590 972 629 primum
987 589 1205 628 eloquentiam,
1230 590 1293 627 qua

49 636 93 669 d
104 636 236 667 honores
250 637 369 666 lucrum
384 635 544 664 afferentes
559 633 726 673 perveniat,
747 633 859 663 deinde
881 633 1004 671 negotia
1019 632 1167 668 forensia;
1196 634 1203 647 ‘
1219 642 1292 670 agas

49 679 124 713 flat
151 680 199 710 vel
224 679 424 714 causidicum,
461 678 508 708 vel
533 677 736 707 feneratorem
765 677 804 706 ad
833 677 948 707 Janum
977 676 1136 706 medium.'
1156 692 1199 696 —
1219 675 1292 705 Jam

129 732 189 762 que
200 723 342 752 homines
357 721 487 760 negotiis
501 720 594 760 gestis
607 722 663 750 sub
678 720 840 750 meridiem
856 721 982 750 domum
997 719 1113 749 redisse
1130 719 1290 749 videntur:

122 775 195 796 vero
219 766 297 795 lucri
317 771 429 804 praeter
450 765 574 794 modum
594 764 724 803 cupidus
747 763 867 802 vesperi
892 764 1017 793 demum
1041 763 1166 793 domum
1191 762 1292 792 redire

43 810 183 851 jubetur.
227 809 298 842 Quo
323 809 448 838 tandem
470 807 617 838 consilio?
663 806 814 837 Videlicet
837 813 871 836 ut
899 806 992 836 etiam
1015 806 1081 836 foro
1106 806 1211 836 relicto
1237 815 1291 845 per

49 854 157 885 domo·
171 852 304 892 privatas
317 852 457 887 emendo,
473 851 644 886 vendendo,
667 850 866 880 conducendo
886 850 1004 889 aliquid
1020 855 1170 888 quaestum
1187 849 1288 879 saciat.

49 893 170 936 —[Ne
188 893 274 936 plus]
299 897 307 911 ‘
322 895 449 925 Naviter
472 894 590 934 corripe
614 894 752 933 undique
776 893 932 933 pecunias,
959 903 998 923 ne
1026 892 1136 923 Mutus
1155 893 1218 928 ille,
1241 892 1291 922 cui

50 939 181 976 invideo,
208 938 300 969 ditior
329 938 368 968 sit
393 944 434 974 te,
457 947 553 978 quum
577 937 687 976 partim
713 947 785 976 opes
810 947 880 967 suas
906 947 968 967 non
993 936 1166 967 assiduitati
1190 945 1290 974 neque

49 983 204 1019 sollertia,
227 982 281 1012 sed
303 982 517 1011 tantummodo
542 981 680 1020 conjugis
708 980 782 1016 doti,
812 980 844 1010 id
867 987 923 1017 est,
946 990 1026 1010 caeco
1050 980 1144 1015 casui,
1170 980 1292 1014 debeat,

48 1025 172 1101 mn,
193 1025 247 1064 (de
263 1026 326 1064 qua
340 1034 372 1054 re
391 1025 461 1063 jure
476 1023 662 1063 indignaris)
686 1025 826 1054 tenuiore
840 1024 906 1054 loco
927 1023 966 1053 sit
980 1021 1288 1063 ortus.'——[Mutus]

56 1102 59 1105 μ
166 1068 308 1108 ignotum
337 1068 440 1098 fictum
466 1078 532 1098 esse
557 1077 669 1097 nomen
693 1077 754 1097 non
778 1068 877 1098 credo.
934 1067 969 1097 P.
995 1067 1168 1097 ALBVTivs
1196 1067 1228 1096 P.
1254 1067 1293 1096 F.

48 1110 168 1144 Eme
193 1117 240 1142 est
263 1112 347 1151 apud
372 1111 461 1141 Grut.
488 1111 560 1147 302,
588 1111 667 1141 l.—
685 1108 825 1150 [emetat]
849 1106 944 1146 ἅπαξ
958 1109 1151 1151 λεγόμενον·
1176 1109 1292 1140 ‘metat

46 1162 90 1187 n
116 1155 262 1195 agrite—
272 1152 459 1195 [indignum]
489 1161 524 1184 ut
548 1154 621 1184 alibi
646 1156 762 1191 mirum,
789 1155 909 1190 malum,
931 1153 1025 1192 nefas,
1052 1164 1106 1193 per
1136 1154 1289 1183 exclama—

48 1197 173 1231 fionem.
183 1215 227 1220 --
239 1195 419 1238 [mirabilis]
444 1196 600 1235 ζηλωτός,
624 1200 632 1214 ‘
646 1198 758 1236 dignus
773 1207 866 1236 quem
878 1198 1052 1228 admirere.’
1098 1197 1235 1236 Respicit
1250 1197 1291 1226 ad

47 1250 76 1272 v.
94 1241 124 1279 l,
146 1242 204 1272 Nil
215 1242 373 1272 admirari.

51 1311 53 1313 .
90 1284 226 1320 24—27.
249 1282 438 1324 [Quidquid]
462 1283 588 1314 Nexus:
606 1284 740 1313 ‘Verum
755 1283 788 1313 in
803 1284 861 1313 hoc
873 1282 1077 1313 immoderato
1088 1283 1165 1314 lucri
1174 1283 1288 1319 studio,

46 1326 107 1365 hoc
120 1338 243 1367 quoque
267 1329 365 1357 solent
384 1326 520 1357 oblivisci
544 1327 694 1366 plerique,
713 1327 797 1356 fluxa
818 1333 850 1357 et
870 1327 984 1357 caduca
999 1327 1103 1356 omnia
1118 1337 1194 1364 esse,
1220 1337 1289 1366 quae

46 1371 157 1410 vnlgm
181 1381 236 1411 pro
257 1371 385 1400 summis
406 1371 494 1400 bonis
519 1370 621 1400 habet.
666 1371 768 1408 Atque
792 1376 826 1400 ut
848 1370 994 1400 continuo
1020 1380 1106 1399 novae
1127 1370 1290 1400 hominum

45 1419 154 1447 unates
167 1414 310 1444 oriuntur
330 1420 361 1444 et
375 1423 414 1444 ex
429 1420 516 1444 terrae
532 1414 601 1444 sinu
617 1423 703 1443 novae
719 1423 840 1452 semper
860 1423 934 1453 opes
956 1413 1153 1450 effodiuntur,
1173 1413 1217 1443 sic
1235 1413 1289 1451 qui

45 1454 131 1491 hunc
145 1458 263 1493 vivunt,
286 1467 358 1487 mox
373 1458 521 1494 occident,
538 1467 607 1495 quae
623 1467 705 1486 nunc
719 1457 883 1496 splendent
898 1463 928 1486 et
943 1457 1106 1495 magnifica
1121 1458 1289 1493 ducuntur,

44 1501 132 1533 brevi
156 1502 400 1531 obscurabuntur
421 1510 456 1530 ac
479 1501 635 1541 peribunt.
681 1500 748 1530 Hoc
766 1506 806 1530 vtu
829 1509 988 1539 nunquam
1010 1501 1198 1536 obliviscere,
1225 1506 1291 1530 uta

48 1546 155 1576 norbo
176 1545 231 1574 ina
253 1554 326 1584 opes
349 1544 529 1574 corradendi
553 1544 630 1573 liber
655 1553 790 1573 maneas.
844 1544 1040 1573 Moriendum
1067 1544 1121 1573 tibi
1149 1551 1205 1579 est,
1230 1544 1288 1574 etsi

45 1587 181 1627 aquales
194 1587 239 1618 tui
255 1593 284 1617 te
297 1588 344 1617 vel
360 1587 492 1617 maxime
508 1587 722 1626 suspexerim!
733 1602 775 1608 —
786 1585 942 1626 [Porticus
956 1585 1120 1627 Agrippae]
1150 1587 1288 1618 Porticus

49 1629 186 1670 Neptuni
209 1641 232 1661 s.
257 1632 515 1670 Argonautarum,
537 1640 556 1661 a
581 1631 624 1660 M.
644 1630 780 1670 Agrippa
801 1639 833 1660 Α.
859 1638 889 1660 υ.
907 1639 935 1660 c.
957 1630 1019 1665 729
1045 1630 1235 1660 exaedificata
1257 1638 1289 1661 et

48 1673 176 1714 picturis
196 1683 299 1704 rerum
323 1675 360 1703 ab
377 1674 564 1712 Argonautis
578 1680 732 1712 gestarum
750 1680 909 1703 exornata.
955 1674 1031 1712 (Dio
1047 1675 1129 1703 Cass.
1152 1674 1204 1710 53,
1220 1674 1286 1714 27.)

46 1716 112 1749 hh
125 1717 182 1748 hac
197 1717 372 1756 frequenter
386 1717 622 1747 deambulabant
638 1717 780 1747 Romani.
792 1732 835 1739 —-
849 1715 914 1757 [via
930 1715 1027 1757 Appi]
1059 1718 1158 1756 Epod,
1182 1718 1211 1752 4,
1237 1718 1285 1748 14.

38 1758 114 1791 διε.
137 1760 166 1798 l,
189 1761 220 1796 5,
243 1761 273 1790 6.
320 1761 584 1799 Frequentabatur
608 1770 729 1799 semper
754 1769 772 1789 a
793 1760 939 1790 divitibus
964 1761 996 1789 in
1023 1761 1110 1790 villas
1135 1771 1205 1790 suas
1232 1771 1287 1800 per

46 1803 251 1843 Campaniam
264 1803 337 1833 sitas
351 1804 602 1833 commeantibus.
618 1804 771 1833 *Numa
785 1810 817 1833 et
830 1805 932 1834 Ancus
948 1804 969 1833 ii
991 1803 1072 1833 inter
1087 1814 1184 1843 reges,
1210 1815 1286 1843 quo-

37 1854 118 1879 num
132 1856 203 1877 mre
217 1847 366 1877 Romanis
379 1846 506 1876 nomina
520 1847 603 1876 velut
616 1846 648 1876 in
663 1846 859 1886 proverbium
873 1847 1021 1877 abierant.

90 1890 144 1926 28,
163 1890 215 1921 29.
259 1890 384 1919 Nexus:
411 1889 653 1926 ‘Nihilominus,
676 1890 733 1920 etsi
762 1890 876 1920 scimus
901 1896 1022 1920 mortem
1048 1890 1135 1920 nobis
1160 1890 1286 1926 instare,

32 1937 153 1973 „umen
175 1933 285 1962 natura
304 1933 347 1962 sic
366 1934 496 1972 jubente
515 1934 630 1963 vivendi
653 1933 747 1963 finem
768 1933 901 1972 aliquem
925 1933 1037 1972 singuli
1061 1934 1205 1963 mortales
1230 1934 1288 1964 sibi

27 1976 238 2016 „toemtituant
271 1985 394 2006 necesse
422 1982 478 2006 est.
535 1976 606 2006 Jam
635 1976 666 2006 in
695 1977 831 2015 corporis
861 1977 986 2015 quidem
1015 1977 1145 2006 sanitate
1170 1978 1286 2008 tuenda

32 2016 185 2060 ,universi
199 2028 262 2048 uno
275 2028 425 2049 consensu
444 2019 500 2048 hoc
514 2026 701 2059 praeceptum
715 2026 904 2059 sequuntur:
929 2021 937 2036 ⁴
954 2020 1063 2050 Morbo
1079 2021 1131 2049 ubi
1148 2022 1286 2058 tentaris,

31 2062 153 2107 μείω
181 2071 283 2101 quaere
305 2062 488 2092 medicinam
499 2062 517 2091 1’
564 2063 710 2092 Similiter
737 2073 843 2093 omnes
866 2063 974 2093 dicunt
997 2073 1029 2093 se
1054 2068 1142 2099 recte,
1170 2063 1202 2092 id
1229 2070 1284 2101 est,

142 2116 168 2136 ω
183 2105 410 2142 convenienter,
434 2115 470 2135 ac
490 2111 652 2145 propterea
673 2107 760 2136 beate
775 2107 876 2136 vivere
892 2107 979 2136 velle.
1025 2107 1067 2136 At
1089 2107 1120 2136 in
1146 2106 1203 2136 hac
1221 2107 1284 2137 vita

122 2149 135 2158 ⁴
162 2149 339 2188 quaerenda,
362 2158 434 2184 non,
461 2154 495 2178 ut
517 2148 549 2178 in
573 2149 747 2179 valetudine
768 2150 980 2186 sustentanda,
1007 2151 1068 2179 una
1092 2160 1126 2180 ac
1152 2150 1284 2190 simplici

67 2191 69 2197 ¹
127 2201 166 2222 ue
190 2198 328 2227 utuntur,
349 2192 404 2221 sed
427 2191 588 2231 ambigunt
607 2192 645 2222 de
666 2202 738 2222 vero
756 2192 818 2223 fine
843 2195 992 2223 bonorum
1015 2199 1046 2222 et
1071 2194 1283 2233 unusquisque

124 2235 181 2266 eui
202 2235 305 2265 indole
330 2235 486 2274 proprium
501 2235 559 2265 sibi
574 2235 690 2271 statuit,
716 2236 763 2265 vel
785 2235 930 2265 virtutem
953 2235 995 2274 (ν.
1012 2236 1068 2275 29)
1092 2238 1138 2266 vel
1159 2237 1282 2268 divitias

103 2277 276 2318 tal—³18)
319 2279 367 2308 vel
397 2279 528 2308 honores
552 2284 583 2308 et
606 2278 735 2317 gratiam
757 2280 935 2318 popularem
964 2278 1027 2319 (vv.
1054 2280 1194 2320 49—55)
1234 2282 1283 2311 vel

172 2331 264 2361 quam
275 2322 478 2352 lautissimum
488 2323 552 2362 (vv.
565 2321 707 2360 56-64)
723 2323 771 2353 vel
780 2323 904 2353 tandem
913 2332 1032 2353 amores
1049 2322 1282 2364 (vv.65-67).’
