1390 2586
99 93 178 132 104
449 103 662 131 EPISTOLA
693 103 750 130 AD
781 101 980 131 msomss.

99 203 258 244 Nomen
281 202 461 252 iambeis,
484 217 609 257 quum
630 217 748 243 senos
768 203 954 244 redderet
974 202 1076 243 ictus

98 260 257 300 Primus
278 259 327 300 ad
349 268 575 300 extremum
597 258 738 299 similis
758 259 859 299 sibi:
892 274 971 299 non
992 259 1048 300 ita
1068 258 1236 313 pridem,

96 315 270 356 Tardior
293 324 334 355 ut
354 315 488 368 paullo
509 315 750 369 graviorque
773 315 929 356 veniret
947 315 995 355 ad
1016 330 1145 364 aures,
1244 316 1327 355 255

98 372 307 426 Spondeos
327 371 489 411 stabiles
509 374 550 410 in
566 372 660 425 jura
680 379 847 425 paterna
866 371 1020 426 recepit

97 427 345 468 Commodus
366 436 407 467 et
428 427 604 482 patiens3
636 442 716 466 non
741 436 783 468 ut
803 427 852 467 de
873 427 967 467 sede
988 427 1163 468 secundfi

98 484 276 524 Cederet
294 494 364 524 aut
384 484 527 537 quarta
548 483 759 524 socialiter.
821 483 903 524 Hic
925 491 966 523 et
986 483 1026 522 in
1049 483 1150 524 Acci

98 539 314 580 Nobilibus
336 540 524 580 trimetris
544 549 712 594 apparet
731 554 855 587 rarus,
879 547 920 579 et
942 538 1052 578 Enni

97 596 147 636 In
168 611 329 637 scenam
353 597 491 636 missos
513 611 601 636 cum
624 611 772 651 magno
794 595 970 649 pondere
990 610 1141 644 versus,
1246 597 1330 634 260

97 653 184 693 Aut
205 667 338 706 operae
359 652 498 692 celeris
519 652 686 692 nimium
708 655 885 706 curaque,
907 651 1092 700 carentis,

99 709 187 749 Aut
206 709 402 764 ignoratae
423 708 569 762 premit
588 708 684 748 artis
704 709 871 748 crimine
894 707 1014 762 turpi.

100 765 192 805 Non
215 765 346 819 quivis
368 765 478 805 videt
499 764 759 805 immodulata
779 772 965 818 poemata
979 763 1122 818 judex,

99 820 155 861 Et
175 820 266 861 data
290 821 484 861 Romanis
505 821 622 861 venia
643 829 703 861 est
722 820 889 875 indigna
909 819 1051 874 poetis.

100 877 309 917 Idcircone
333 892 455 930 vager
475 877 727 931 scribamque
749 874 947 917 licenter?
978 890 1028 916 an
1051 889 1191 916 omnes
1246 876 1330 915 265

98 932 267 974 Visuros
288 943 451 987 peccata
472 944 610 988 putem
632 948 733 982 mea,
758 941 866 973 tutus
887 940 928 972 et
947 932 1053 972 intra

101 989 223 1043 Spem
247 989 376 1030 veniae
397 989 566 1030 cautus?
624 989 760 1030 Vitavi
782 989 958 1043 denique
981 988 1152 1042 culpam,

100 1045 194 1086 Non
218 1046 376 1086 laudem
398 1046 537 1086 merui.
598 1045 682 1086 Vos
703 1045 948 1099 exemplaria
970 1044 1116 1085 Graeca

102 1101 310 1143 Nocturna
333 1111 486 1142 versate
509 1117 642 1150 manu,
665 1110 820 1142 versate
842 1101 998 1143 diurna.

100 1159 160 1198 At
181 1159 301 1199 vestri
322 1158 459 1213 proavi
483 1157 692 1198 Plautinos
713 1168 754 1198 et
774 1172 962 1197 numeros
982 1164 1024 1197 et
1119 1167 1122 1169 ’
1250 1157 1335 1196 270

102 1213 339 1255 Laudavere
361 1215 486 1264 sales3
521 1215 688 1254 nimium
712 1214 911 1268 patienter
932 1222 1164 1267 utrumque,

104 1270 168 1310 Ne
190 1271 319 1311 dicam
339 1270 474 1318 stulte,
497 1270 643 1318 mirati,
666 1271 698 1310 si
722 1270 837 1310 modo
859 1284 937 1325 ego
957 1279 999 1310 et
1018 1283 1088 1310 vos

104 1326 262 1367 Scimus
283 1327 522 1367 inurbanum
546 1326 680 1381 lepido
700 1341 895 1381 seponere
916 1324 1036 1374 dicto,

104 1382 438 1438 Legitimumque
460 1398 603 1423 sonum
624 1383 763 1438 digitis
783 1383 974 1423 callemus
995 1391 1037 1422 et
1055 1395 1166 1421 aure.

160 1438 352 1494 Ignotum
375 1440 539 1494 tragicae
558 1454 688 1494 genus
709 1439 911 1479 invenisse
934 1438 1141 1478 Camoenae
1251 1434 1346 1476 275'

104 1494 282 1544 Dicitur,
306 1505 346 1536 et
367 1495 552 1550 plaustris
573 1495 731 1535 vexisse
756 1503 938 1549 poemata
959 1493 1147 1548 Thespis,

106 1551 213 1599 Quae
233 1566 425 1592 canerent
444 1561 694 1606 agerentque
715 1550 906 1605 peruncti·
920 1549 1083 1590 faecibus
1104 1563 1185 1589 ora.

106 1607 206 1648 Post
227 1607 334 1648 hunc
356 1623 536 1663 personae
557 1608 754 1661 pallaeque
776 1616 956 1660 repertor
977 1606 1156 1646 honestae

106 1663 329 1719 AEscliylus
351 1673 391 1704 et
411 1663 578 1704 modicis
597 1663 781 1704 instravit
801 1662 957 1716 pulpita
978 1662 1113 1716 tignis,

109 1720 164 1761 Et
184 1721 319 1761 docuit
340 1734 614 1774 magnumque
635 1719 758 1773 loqui,
781 1719 938 1773 nitique
960 1719 1169 1758 cothurno.
1254 1719 1338 1757 280

109 1777 311 1817 Successit
331 1785 446 1816 vetus
467 1775 526 1816 his
548 1776 754 1824 comoedia,
778 1790 857 1814 non
879 1775 966 1815 sine
988 1773 1116 1815 multa

108 1832 276 1878 Laude;
307 1832 376 1873 sed
399 1832 439 1872 in
462 1832 603 1872 vitium
627 1832 787 1872 libertas
809 1831 973 1878 excidit,
996 1838 1038 1870 et
1057 1830 1137 1869 vim

108 1888 289 1944 Dignam
312 1888 403 1942 lege
425 1888 510 1942 regi
528 1903 536 1927 ε
570 1888 635 1928 lex
657 1896 717 1928 est
737 1897 914 1941 accepta,
938 1887 1164 1940 chorusque

109 1944 304 1999 Turpiter
324 1945 492 1985 obticuit
511 1944 667 1985 sublato
682 1945 775 1998 jure
797 1943 982 1983 nocendi.

109 2000 178 2041 Nil
201 2003 442 2042 intentatum
464 2001 588 2041 nostri
610 2001 764 2054 liquere
787 2008 942 2054 poetae:
1256 1998 1339 2036 285

109 2056 199 2097 Nec
221 2058 432 2097 minimum
454 2072 636 2096 meruere
657 2057 779 2096 decus
801 2056 972 2108 vestigia
994 2054 1141 2095 Graeea

108 2113 212 2153 Ausi
234 2114 432 2162 deserere,
456 2122 497 2154 et
517 2113 720 2153 celebrare
741 2109 959 2152 domestica
979 2112 1095 2159 facta,

110 2169 189 2209 Vel
210 2170 279 2223 qui
301 2179 528 2224 praetextaS‚
551 2169 615 2209 vel
638 2169 707 2223 qui
728 2169 900 2208 docuere
922 2176 1089 2222 togataS.

111 2225 200 2266 Nec
222 2225 368 2266 virtute
391 2226 494 2267 foret
514 2225 679 2266 clarisve
701 2226 907 2279 potentius
926 2223 1059 2271 armis,

111 2281 246 2330 Quam
268 2282 422 2337 lingua,
447 2282 624 2331 Latium,
647 2281 681 2323 si
702 2295 782 2321 non
804 2280 1027 2321 offenderet
1048 2292 1193 2319 unum·
1254 2280 1340 2318 290
