1390 2586
158 121 240 163 233
590 119 952 150 INTERPRETATIO.
1256 0 1390 183 [κριὲ

204 219 335 251 12-14.
359 217 456 258 [vultu
471 216 563 256 torvo]
588 219 666 247 Plut.
680 219 744 247 Cat.
762 218 838 247 Min.
856 218 883 253 1,
898 214 1033 257 Λέγεται
1049 215 1081 248 δὲ
1096 215 1217 248 Κάτών
1229 217 1328 256 εὐθὺς

161 261 292 293 παιδίου
308 262 349 302 τῇ
363 272 395 291 τε
411 261 500 300 φωνῇ
515 260 566 290 καὶ
583 261 635 299 τῷ
653 257 991 299 προσώπῳ-ἦθος
1004 258 1200 300 ὑποφαίνειν
1214 259 1336 300 ἄτρεπτ
1385 266 1388 267 ’

161 305 214 336 καὶ
229 303 358 339 ἀπαθὲς
381 303 432 332 καὶ
451 301 587 341 βέβαιον
606 301 641 332 ἐν
657 303 768 332 πᾶσιν.
782 319 823 323 -
838 301 929 341 [pede
945 301 1036 342 nudo]
1063 302 1141 332 Plut.
1157 303 1228 332 ibid.
1244 303 1273 337 6,
1291 305 1339 333 110
1359 296 1363 306 ³
1386 307 1389 311 ’

161 345 254 382 λάκις
270 345 294 377 δ’
312 343 519 382 ἀνυπόδητος
533 344 586 374 καὶ
602 343 728 384 ἀχίτων
743 342 787 380 εἰς
801 343 838 373 τὸ
855 342 1008 383 δημόσιον
1024 342 1138 385 προῄει
1151 342 1217 384 μετ’
1233 343 1327 384 ἄριστ’

161 407 202 413 ---
216 387 361 429 [textore]
389 391 395 404 ‘
411 390 446 426 by
463 390 509 417 the
524 389 589 426 help
604 386 638 425 of
648 389 694 416 the
710 387 841 422 weaver,’
866 389 874 402 ‘
889 397 984 424 quum
1004 393 1102 416 textor
1121 388 1261 424 exiguam
1279 393 1346 425 toga
1377 383 1386 414 't

161 432 338 465 confecerim
366 431 396 459 in
420 432 504 468 cujus
530 431 621 467 igitur
641 429 755 467 opificis
778 434 923 467 potestate
942 429 1033 458 situm
1052 435 1105 465 est,
1127 435 1229 458 utrum
1250 435 1281 458 tu
1304 426 1383 467 alte}

163 476 238 504 Cato
267 474 395 502 videaris
424 472 596 500 hominibus
623 472 737 501 necne!
794 471 950 500 Ablativus
977 471 1214 501 instrumentalis
1244 471 1377 510 person&

162 526 255 555 prope
277 522 310 545 ut
335 516 411 554 Epp.
430 515 454 550 l,
474 514 499 548 1,
516 515 557 544 94
580 514 633 552 (87
650 515 755 542 harum
773 511 924 551 Ecloggr),
947 517 1058 543 tonsore
1071 518 1200 549 curatus,
1224 514 1282 542 nisi
1298 508 1377 557 quo}

162 559 204 588 ibi
226 558 416 597 participium
437 556 620 595 adjungitur,
643 562 676 585 ut
695 556 719 584 si
742 557 771 584 h.
787 557 806 586 l.
827 556 970 585 dixisset:
995 560 1105 586 textore
1125 554 1379 595 vestitum—[ree

160 599 337 640 praesentet]
361 601 417 628 ‘ad
441 600 541 628 vivum
567 598 737 637 exprimat!
781 599 1001 636 Repraesentare
1025 599 1106 627 enirn
1133 603 1178 627 est
1201 599 1284 627 ‘rem
1313 607 1353 636 qu
1367 591 1373 597 ³

164 646 248 673 abest
270 650 447 681 praesentem
471 641 671 670 constituere!
717 641 805 670 Tales
827 641 897 668 olim
917 640 1039 669 fuerunt
1061 640 1225 669 Laconistae
1245 640 1355 669 Atheni

164 687 214 724 qui
231 681 474 724 ἐλακωμάνουν,
495 682 642 719 ἐπείνων,
663 680 823 723 ὲρῤύπων,
844 679 1056 722 ἐσωκράτουν,
1080 680 1227 712 Σκυτάλι’
1249 680 1384 723 ἑφόρουὲ

166 728 334 767 (Aristoph.
352 728 405 756 Av.
426 725 531 763 1194‚)
548 726 761 764 posterioribus
775 725 960 763 temporibus
976 725 1151 763 Neocynici.
1368 748 1369 752 ,

210 771 256 805 15,
276 770 322 800 16.
348 767 472 808 [Rupit]
498 769 665 797 Construe:
690 767 829 805 ‘Lingua
849 767 971 796 Iarbitae
992 768 1100 796 aemula
1117 767 1289 805 Timagenis
1303 763 1385 805 πορθ

167 813 321 846 Iarbitam,
338 813 410 840 dum
426 811 532 839 stolide
548 812 648 839 studet
663 809 693 838 in
710 810 897 838 declamandi
912 814 976 838 arte
991 819 1076 848 aeque
1091 809 1219 838 disertus
1234 807 1386 839 urbanus}

166 865 224 893 que
241 854 356 891 haberi,
378 859 467 891 atque
490 854 592 882 rhetor
613 851 763 882 ille.'-—“
777 852 967 889 Timagenes,
984 852 1216 887 Alexandrinus,
1238 851 1340 880 rhetor
1353 844 1385 884 αὖ

166 897 325 926 historicus
342 895 473 934 (scripsit
487 896 577 924 libros
591 896 628 923 de
640 895 784 931 Regibus,
800 894 925 930 Gallica,
942 893 1020 932 &c.)‚
1037 893 1074 923 ab
1090 897 1128 923 A.
1146 893 1276 922 Gabinio
1290 886 1385 931 capti&

166 950 221 968 vus
249 941 376 968 Romam
404 939 558 967 traductus
580 943 610 966 et
634 947 652 966 a
676 937 786 965 Fausto
806 937 897 965 Sullae
923 936 984 965 filio
1010 937 1183 974 redemptus
1207 936 1327 964 tandem
1351 933 1384 968 ἢ

168 982 294 1012 Caesaris
311 980 466 1010 Octaviani
486 979 613 1017 gratiam
630 979 712 1008 venit
735 979 854 1018 (Senec.
872 979 1011 1008 Controv.
1027 978 1093 1017 34),
1109 979 1162 1007 sed
1183 982 1304 1016 propter
1326 976 1387 1012 liri}

167 1035 257 1062 guam
273 1033 427 1062 procacem
444 1028 473 1051 et
490 1019 687 1062 παῤῥησὶαν,
710 1022 789 1050 unde
807 1018 1063 1061 Παρῤησιαστὴς
1083 1020 1179 1050 dictus
1203 1027 1248 1049 est
1263 1018 1387 1059 (Suidaj

168 1068 200 1096 in
217 1064 435 1106 Τιμαγένης),
454 1075 522 1093 mox
538 1065 595 1101 ipsi
612 1064 738 1093 Caesaris
753 1065 842 1092 domo
857 1064 1051 1092 interdictum
1070 1068 1124 1092 est.
1168 1063 1244 1091 Inde
1266 1063 1388 1100 proptejt

168 1109 289 1138 facetias
314 1108 434 1147 (Senec.
452 1108 509 1145 Ep.
527 1107 581 1144 91)
603 1107 640 1135 ab
657 1105 764 1135 Asinio
787 1106 919 1134 Pollione
942 1111 1093 1143 exceptus,
1117 1105 1148 1133 in
1171 1105 1240 1134 novi
1263 1098 1390 1137 fautorffi

172 1152 342 1180 Tusculano
358 1156 483 1179 mortem
501 1150 582 1178 obiit.
627 1148 688 1180 Qui
706 1149 886 1185 Timagenes
901 1158 994 1185 quum
1008 1147 1170 1185 aliquando
1183 1147 1214 1175 in
1230 1144 1388 1180 hominurn

170 1195 325 1223 doctorum
342 1192 549 1222 conventiculo
564 1201 632 1220 cum
648 1190 783 1219 omnium
804 1191 950 1228 applausu
973 1185 1169 1219 declamasset
1183 1187 1230 1218 vel
1245 1189 1390 1227 scriptuli!¹

169 1237 330 1270 recitasset,
347 1235 463 1268 accidit,
485 1239 518 1262 ut
533 1239 608 1262 teste
625 1233 770 1270 Porphyr.
789 1233 904 1261 Cordus
921 1231 982 1271 (vel
998 1233 1123 1266 Codrus,
1147 1231 1295 1269 siquidem
1309 1232 1390 1260 idem

170 1285 225 1314 est,
243 1279 280 1307 de
296 1287 355 1315 quo
371 1276 515 1314 Virgilius
533 1277 594 1305 Ecl.
612 1275 641 1310 7,
657 1275 706 1310 26,
723 1276 835 1304 invidia
849 1279 1023 1313 rumpantur
1036 1275 1137 1304 utilia
1150 1274 1242 1303 Codro
1252 1273 1278 1312 .·)
1300 1274 1390 1303 homo

169 1321 242 1350 item
259 1321 373 1354 doctus,
399 1319 520 1347 natione
538 1319 672 1353 Maurus,
697 1327 731 1346 ac
749 1316 922 1355 (propterea
936 1318 973 1345 ab
990 1317 1077 1346 Iarba
1091 1326 1172 1354 rege,
1192 1322 1225 1345 ut
1240 1315 1355 1344 videtur
1365 1312 1390 1356 ι)

171 1364 289 1392 Iar-bita
312 1361 549 1399 cognominatus,
575 1361 656 1389 illius
683 1361 809 1388 virtutes
835 1368 954 1396 aequare
980 1359 1128 1388 niteretur
1153 1363 1183 1387 et
1205 1358 1299 1387 nimio
1323 1358 1390 1388 nisu

171 1412 262 1443 atque
289 1404 404 1442 ingenti
431 1403 510 1432 vocis
533 1404 722 1440 laterumque
747 1402 914 1430 intentione
938 1401 1134 1440 diaphragma
1156 1400 1341 1438 dirumperet
1361 1404 1390 1430 et

171 1449 271 1477 subita
287 1453 382 1475 morte
398 1446 541 1484 periret.”
565 1446 652 1474 Jahn.
666 1459 707 1466 ·—-
719 1442 879 1484 [urbanus]
904 1444 935 1472 h.
953 1444 972 1472 l.
989 1453 1047 1472 non
1064 1449 1125 1472 tam
1145 1443 1184 1472 ad
1203 1442 1390 1472 dicacitatem

171 1490 300 1519 refertur
323 1499 413 1526 quam
437 1489 475 1517 ad
497 1488 679 1525 elegantiam
702 1486 857 1522 sermonis,
883 1495 943 1524 quo
967 1487 1116 1522 utebatur,
1139 1490 1171 1514 et.
1190 1486 1229 1514 ad
1254 1484 1390 1523 peritiam

172 1531 370 1562 declamandi.

218 1574 267 1609 17,
283 1574 330 1604 18.
357 1571 507 1612 [Decipit]
532 1572 678 1607 absolute,
695 1577 729 1600 ut
735 1569 855 1610 fallere.
892 1571 1024 1599 Gronov.
1038 1570 1123 1598 Obss.
1139 1569 1168 1605 3,
1185 1569 1234 1599 20.
1245 1584 1288 1590 -—
1299 1567 1390 1607 [vitiis

173 1614 331 1654 imitabile]
354 1618 361 1630 ‘
376 1617 551 1653 Exemplar,
574 1614 664 1652 quod,
688 1619 785 1642 totum
804 1613 828 1642 si
851 1619 975 1650 spectes,
997 1621 1068 1641 sane
1088 1611 1324 1650 pulcherrimum
1339 1615 1390 1645 est,

174 1660 228 1688 sed
243 1665 342 1687 tamen
357 1658 429 1686 vitia
447 1657 584 1695 quaedam
601 1657 691 1684 habet
710 1655 830 1684 imitatu
851 1654 959 1689 facilia,
983 1663 1018 1683 eo
1033 1663 1112 1692 saepe
1125 1654 1156 1683 in
1172 1663 1302 1682 errorem
1317 1652 1390 1691 rapit

175 1701 350 1736 imitatores,
367 1701 447 1737 quod
463 1705 571 1737 praeter
586 1704 684 1727 cetera
699 1698 763 1727 baec
778 1697 842 1736 ipsa
860 1697 931 1726 vitia
953 1695 1008 1726 sibi
1033 1696 1203 1725 aemulanda
1225 1700 1390 1734 proponunt

175 1753 210 1772 ac
239 1742 416 1781 plerumque
442 1742 533 1770 etiam
558 1746 680 1778 augent,
703 1740 780 1769 veris
807 1739 970 1768 luminibus
994 1739 1173 1776 eloquentiae
1197 1737 1390 1776 posthabitis.¹

176 1786 232 1815 Vv.
247 1787 327 1814 vitiis
347 1784 426 1813 refer
445 1789 475 1812 et
494 1784 532 1812 ad
548 1793 574 1812 v.
591 1784 702 1820 decipit
723 1788 752 1811 et
774 1783 812 1811 ad
829 1792 854 1810 V.
870 1781 1074 1811 imitabile.—
1085 1778 1260 1819 [cuminum]
1285 1781 1390 1818 ‘ptisa-

177 1828 295 1858 narium
311 1826 444 1856 cumini.’
469 1825 544 1855 Plin.
563 1826 602 1854 H.
620 1826 656 1854 N.
673 1825 723 1859 20,
742 1824 789 1859 14,
808 1825 896 1854 Omne
914 1825 1058 1853 cuminum
1075 1824 1218 1862 pallorem
1234 1823 1390 1852 bibentibm

174 1872 284 1910 gignit.
330 1870 380 1898 Ita
400 1873 477 1897 certe
495 1866 599 1906 ferunt
623 1868 721 1896 Porcii
743 1867 883 1896 Latronis
906 1867 980 1895 clari
1003 1867 1080 1894 inter
1106 1866 1261 1904 magistros
1282 1864 1390 1893 dicenda

176 1917 371 1942 assentatores
394 1911 617 1940 similitudinem
638 1911 740 1939 coloris
763 1910 869 1939 studiis
891 1909 1034 1938 contracti
1059 1909 1207 1936 imitatos.-
1229 1906 1281 1944 qui
1303 1915 1390 1944 quum

178 1963 210 1985 A.
227 1963 258 1983 u.
277 1963 304 1983 c.
321 1953 382 1988 752
397 1958 533 1981 mortuus
547 1953 596 1988 sit,
623 1961 695 1981 sane
719 1951 783 1980 fieri
802 1957 911 1990 potest,
934 1956 967 1979 ut
990 1950 1044 1978 hos
1064 1949 1143 1988 ipsos
1159 1949 1316 1978 Porcianos
1331 1948 1360 1977 h.
1377 1947 1384 1976 Ι

177 1997 322 2027 derideat.

223 2039 270 2073 19,
286 2039 334 2068 20.
360 2036 486 2076 [servum
499 2034 602 2075 pecus]
626 2033 795 2076 θρέμματα
816 2030 1063 2074 ἀνδραποδώδη,
1084 2043 1152 2062 cum
1166 2034 1284 2062 summa
1298 2031 1390 2070 indig-

178 2082 300 2110 natione
318 2086 347 2110 et
362 2080 545 2109 contumelia
561 2079 655 2107 malos
672 2085 775 2116 poetas
794 2077 937 2115 increpat.
950 2092 991 2098 —
1006 2073 1176 2114 [tumultus]
1202 2077 1210 2090 ‘
1223 2074 1345 2104 violenti
1365 2083 1390 2102 a«

179 2124 303 2159 turbidi,
325 2123 376 2152 sed
399 2127 499 2151 tamen
523 2121 697 2160 praeposteri
721 2126 750 2149 et
773 2129 890 2158 semper
909 2119 1015 2148 inanes
1034 2123 1158 2148 conatus
1180 2126 1226 2146 me
1249 2116 1385 2145 imitandi

181 2176 255 2204 quos
271 2175 364 2203 quum
381 2165 458 2193 inter
472 2173 523 2192 vos
545 2173 654 2200 magno
677 2172 745 2192 cum
766 2162 891 2200 strepitu
912 2161 1096 2196 collaudatis,
1119 2160 1208 2189 simul
1229 2168 1276 2188 me
1299 2158 1390 2196 depr-i*

180 2217 262 2237 mere
277 2207 436 2242 molimini,
460 2206 560 2234 hocin
577 2205 682 2243 primis
698 2205 864 2234 identidem
880 2208 1061 2242 repetentes,
1083 2212 1130 2231 me
1146 2210 1264 2240 quoque
1281 2201 1390 2230 Graeco,

179 2250 331 2280 imitatum
358 2258 448 2284 essse,
478 2248 559 2277 idem
582 2257 634 2276 vos
660 2247 767 2284 facere,
797 2246 949 2275 interdum
972 2245 1063 2274 etiam
1090 2244 1214 2273 meliore
1239 2252 1306 2272 cum
1333 2251 1389 2272 sue-

181 2292 286 2322 cessu.’

223 2333 355 2364 21—23.
379 2330 524 2372 [Libera]
550 2332 586 2361 In
610 2331 692 2371 poesi
709 2331 819 2361 Latina
839 2331 933 2360 libera
952 2330 1077 2369 vestigia
1093 2329 1178 2367 ponit
1193 2326 1241 2367 (ut
1263 2327 1387 2357 diceban
