1390 2586
0 71 5 100 ἶ
56 91 60 95 ·
91 104 106 129 2
141 90 244 134 11.1.]
504 91 881 123 INTERPRETATIO.
1228 87 1316 131 249

70 173 78 185 ἱ

85 199 86 203 ’
110 194 272 230 mesiam,
289 197 324 224 ut
333 196 449 230 vocant,
461 193 572 228 Musa,
567 205 575 212 ·
590 193 772 233 metaphora
785 193 949 233 desumpta
964 202 983 222 a
993 191 1137 229 lanificio,
1154 197 1188 221 ut
1199 191 1311 231 pingui

43 251 49 266 .·
72 268 74 271 ,
89 241 95 249 ’
128 238 193 268 rud
207 238 246 267 ab
261 236 420 267 obesitate.

48 277 148 317 (70
174 277 303 320 [Recte]
330 280 447 310 Fabula
473 290 545 310 vere
570 280 700 319 pulchra
725 284 816 316 recte,
841 279 872 310 id
894 284 950 316 est,
974 279 1064 308 firmo
1089 288 1125 308 ac
1146 286 1308 316 nunquam

85 323 206 354 hante
231 323 280 354 vel
304 323 497 354 claudicante
520 324 661 362 ingressu
687 333 811 353 scenam
835 324 1047 362 perambulare
1076 322 1190 353 dicitur
1214 319 1308 350 simili

92 366 234 406 :phora
248 373 342 406 atque
365 367 473 396 dicunt
486 365 628 406 fabulam
650 371 732 397 stare
753 367 801 396 vel
820 367 859 396 de
878 366 1032 396 contrario
1053 372 1165 395 eventu
1188 365 1308 399 cadere,

77 443 83 446 ,
121 410 309 449 exploditur.
355 411 363 426 ⁸
378 410 489 440 Utrum
515 410 609 440 etiam
634 420 718 440 nunc
741 410 866 440 laudem
892 416 1070 439 mereantur
1088 411 1168 439 Attae
1193 413 1306 447 togatae

100 453 274 484 e.'——T.
300 452 380 493 (non
404 452 454 492 C.)
478 454 644 486 Quinctius
670 453 748 484 Atta
772 454 901 493 scriptor
926 458 1111 492 togatarum,
1141 451 1307 482 satirarum

32 523 33 526 ,
104 510 109 529 ς
142 502 368 535 mmatumque
391 503 529 527 mortuus
556 505 590 527 A.
611 505 641 526 υ.
665 506 692 527 c.
718 496 789 532 676.
837 497 952 527 Fronto
981 507 1010 536 p.
1035 497 1087 532 95,
1118 496 1173 525 Ed.
1203 495 1306 530 Rom„

37 560 46 566 ν.
67 540 73 546 ’“
105 540 254 571 &calatin
275 541 441 580 elegantem
464 542 571 571 Altam
598 542 630 570 in
651 542 750 571 verbis
771 541 967 571 muliebribus
989 546 1085 570 vocat.
1098 537 1302 579 —[crocum]

45 583 210 615 ‘nidum
257 583 334 613 Plin.
366 584 405 614 H.
434 584 472 614 N.
499 583 549 620 21,
580 583 611 617 6.
638 584 713 614 Vino
741 586 816 614 mire
844 585 981 624 congruit
1004 594 1130 619 crocum,
1153 583 1305 622 praecipue

141 637 150 646 ·
172 628 278 657 tritum
293 628 335 657 ad
349 628 469 657 theatra
480 628 634 667 replenda.
668 628 818 657 Fabulam
834 626 930 666 igitur
943 628 1025 657 Attae
1041 627 1116 656 dicit
1131 626 1162 655 in
1179 635 1304 655 scenam

40 656 95 712 ἓ,
110 675 239 706 uotam,
265 680 335 709 quae
359 680 451 700 scena
475 671 600 700 floribus
623 676 655 701 et
674 681 763 700 croco
781 671 885 709 spargi
909 670 995 700 solet.
1044 671 1164 700 Lucret.
1181 670 1211 706 2,
1228 668 1302 704 416,

42 712 56 727 “’
65 718 79 749 ξ·
103 723 194 754 quum
208 724 299 744 scena
312 723 395 744 eroco
413 714 502 744 Cilici
514 711 638 753 perfusa
652 725 754 745 recens
769 719 824 744 est.

88 755 224 787 82—85.
250 754 414 797 [AEsopus]
439 757 649 787 nobilissimus
668 758 855 796 tragicarum
872 757 1045 787 fabularum
1066 761 1160 792 actor,
1173 766 1304 786 summus

34 797 159 840 tifex
181 805 212 831 et
236 811 351 840 semper
371 802 507 840 partium
527 806 588 831 tam
607 802 639 831 in
661 802 815 840 republica
841 812 929 841 quam
951 802 983 830 in
1005 802 1093 831 scend
1113 802 1303 839 optimarum,

94 843 141 873 ait
154 844 220 883 ejus
236 843 394 873 familiaris
409 843 517 874 Cicero
539 854 592 884 pro
610 845 709 875 Sestio
725 844 776 875 46.
824 845 934 874 Gravis
949 850 1053 874 autem
1069 850 1204 879 vocatur,
1228 843 1303 881 quia

26 894 69 928 ,ζει
104 896 161 917 nu
186 885 254 917 illas
285 893 386 927 partes
417 888 638 926 tragoediarum
664 888 790 928 egregie
812 889 935 927 agebat¹
964 894 997 917 ut
1023 889 1302 926 Agamemnonem,

41 968 45 970 -
78 930 186 966 ἰοεω,
207 930 398 970 Eurysacen.
443 931 531 961 Vixit
545 937 626 961 certe
643 941 742 970 usque
764 932 803 962 ad
827 940 860 961 A.
872 940 908 962 υ.
918 940 946 961 c.
967 931 1039 962 699.
1086 931 1123 960 V.
1141 932 1302 960 Onomast.

39 971 110 1023 cie.
157 974 192 1007 Q.
210 974 336 1004 Roscius
345 974 503 1004 comoedus
516 984 606 1014 aeque
623 975 745 1012 nobilis,
761 985 817 1014 pro
829 984 890 1014 quo
904 981 1005 1004 exstat
1018 974 1176 1004 Ciceronis
1192 973 1302 1009 oratio,

55 1016 199 1056 ujusque
215 1027 329 1048 amores
349 1022 380 1047 et
397 1018 524 1055 delieiae,
549 1019 587 1047 de
605 1018 707 1048 Divin.
726 1018 754 1054 l,
769 1018 828 1053 36;
853 1019 958 1049 doctus
977 1024 1092 1054 autem,
1115 1019 1194 1057 quod
1207 1018 1242 1047 id
1255 1020 1302 1047 est

24 1076 78 1096 ,μ’
108 1064 226 1099 cutus,
236 1065 280 1097 ut,
297 1063 328 1091 in
343 1071 400 1101 quo
414 1063 538 1102 quisque
553 1063 683 1100 artificio
703 1062 870 1098 excelleret,
887 1063 914 1092 is
929 1064 961 1092 in
976 1072 1029 1092 suo
1042 1072 1152 1101 genere
1171 1060 1301 1091 Roscius

68 1102 103 1129 ’κ
132 1108 203 1134 cur.
250 1104 297 1134 De
313 1105 366 1134 Or.
385 1104 412 1140 l,
428 1105 479 1135 28.
525 1105 656 1135 Roscius
674 1115 771 1144 quum
787 1111 928 1135 mortuus
944 1105 983 1135 sit
999 1113 1031 1135 A.
1045 1113 1114 1134 (1.0.
1130 1105 1194 1135 693
1218 1103 1299 1143 (Cic.

35 1155 66 1186 μ’
86 1160 91 1171 ·
114 1147 206 1177 Arch.
222 1146 270 1186 8),
293 1147 319 1177 si
336 1157 417 1177 anno
441 1147 504 1179 690
530 1149 563 1178 in
582 1158 675 1178 scena
694 1150 892 1188 comparebat
914 1158 1015 1188 neque
1036 1154 1133 1178 artem
1153 1148 1298 1184 desierat,

56 1207 65 1214 .,
97 1199 116 1220 e
130 1190 184 1229 qui
209 1198 239 1220 A.
254 1199 325 1221 u.c.
341 1190 403 1227 744
428 1192 575 1222 vivebant
603 1192 724 1222 circiter
744 1192 984 1231 septuagenarii,
1008 1191 1168 1230 utriusque
1187 1191 1300 1221 actoris

31 1247 63 1272 ⁷⁴¹
85 1247 89 1258 ι
105 1243 136 1264 e
166 1234 344 1264 meminisse
370 1240 523 1273 poterant.
567 1236 636 1265 ‘Ab
662 1235 778 1275 AEsopo
804 1240 835 1265 et
861 1236 974 1265 Roscio
1000 1235 1133 1274 egregiae
1159 1240 1297 1264 tantum-

50 1290 65 1301 ⁴·
81 1277 133 1307 =do
149 1284 224 1307 actae
239 1284 311 1307 sunt
327 1277 450 1311 fabulae,
475 1288 550 1317 quas
569 1279 796 1318 reprehendere
815 1279 901 1309 nefas
923 1285 989 1314 est;
1013 1285 1107 1317 atque
1125 1289 1163 1307 ex
1185 1279 1298 1308 harum

18 1308 171 1380 filimere
196 1321 280 1351 Attae
309 1331 433 1360 quoque
460 1327 571 1361 togatae
601 1328 681 1352 sunt.
686 1319 880 1362 '—[parere
909 1320 1088 1361 minoribus]
1122 1322 1298 1361 ‘juniorum

81 1363 162 1394 dctis
187 1374 254 1394 sese
283 1365 514 1394 accommodare
545 1375 580 1395 ac.
604 1365 698 1395 fidem
728 1366 886 1396 tribuere.r
899 1363 965 1405 --[
972 1363 1146 1406 perdenda]
1185 1365 1298 1395 ‘missa

78 1406 202 1444 ·enda,'
225 1408 234 1423 ‘
245 1407 392 1438 oblivioni
408 1409 579 1438 tradenda.¹

31 1461 32 1464 ¹
81 1450 134 1481 86
160 1449 462 1491 [Jam]grada1ioni
488 1451 617 1482 inservit
643 1451 709 1491 (Pr.
737 1452 814 1482 Intr.
840 1452 872 1482 ii.
897 1452 970 1489 860,
994 1451 1082 1490 ξδ’).
1098 1450 1296 1492 —[Saliare

6 1491 164 1539 Num]
193 1494 258 1524 Liv.
278 1494 306 1531 l,
321 1495 372 1529 20,
397 1493 531 1534 (Numa)
555 1496 652 1526 Salios
668 1497 737 1526 item
758 1497 911 1526 duodecim
928 1497 1027 1526 Marti
1045 1497 1178 1526 Gradivo
1200 1497 1296 1536 legit.-

23 1534 229 1578 &lentiaque
239 1548 334 1574 arma,
349 1548 414 1578 quae
428 1540 542 1569 ancilia
557 1540 758 1578 appellantur,
761 1537 850 1578 serre
862 1550 898 1570 ac
909 1550 966 1579 per
981 1540 1107 1569 urbem
1096 1550 1141 1569 tre
1156 1543 1296 1570 canentes

18 1591 37 1607 ’ῑι
99 1596 103 1606 f
125 1582 172 1611 'na
186 1591 252 1611 cum
267 1583 411 1621 tripudiis
429 1583 618 1622 sollemnique
633 1583 749 1612 saltatu
763 1582 870 1621 jussit
916 1583 995 1612 Cum
1012 1583 1148 1612 carmine
1164 1582 1295 1613 fratrum

28 1621 201 1657 Arvalium
230 1625 288 1655 hoc
324 1625 441 1655 Saliare
476 1626 614 1655 versibus
645 1626 798 1656 Saturniis
828 1626 986 1665 scriptum,
1021 1627 1104 1665 quod
1134 1631 1296 1657 (aramenta

34 1665 154 1727 fetum
180 1667 274 1698 fuisse
299 1668 408 1698 Festus
434 1669 570 1705 tradidit,
593 1669 844 1708 antiquissimum
867 1669 934 1706 fuit,
958 1670 996 1699 de
1019 1680 1082 1721 quo
1107 1670 1293 1709 accepimus.

77 1710 187 1741 -inctih
212 1711 242 1748 l,
265 1711 296 1749 6,
319 1711 373 1748 40,
395 1712 543 1742 Saliorum
564 1714 699 1743 carmina
721 1714 771 1743 vix
793 1714 998 1744 sacerdotibus
1020 1715 1083 1743 suis
1106 1715 1181 1743 sacis
1201 1714 1292 1744 intel-

46 1769 49 1774 ·
95 1765 124 1784 a.

23 1815 29 1817 -
77 1797 130 1828 02.
154 1795 298 1838 [tereret]
323 1799 362 1828 de
385 1798 509 1828 assidua
532 1799 672 1830 lectione.
720 1799 785 1830 Cic.
807 1800 847 1830 ad
877 1800 964 1830 Fam.
992 1801 1022 1836 9,
1045 1801 1096 1836 25,
1129 1797 1293 1831 Παιδείαν

38 1837 108 1882 -ρῦ
109 1844 389 1872 ov—contriveram
416 1843 548 1882 legendo.
561 1859 603 1864 —
618 1841 764 1883 [viritim]
790 1843 923 1882 ‘singuli
939 1843 1021 1874 cives
1039 1843 1173 1873 Romani
1189 1850 1221 1874 et
1236 1845 1291 1882 qui

34 1900 50 1913 .·
101 1889 148 1914 ter
172 1884 229 1914 hos
254 1885 364 1915 Latine
389 1886 500 1915 sciunt.
503 1883 738 1926 '—[publt'cus
759 1887 846 1924 usus]
872 1892 919 1917 est
942 1897 1014 1917 usus
1037 1897 1061 1916 s.
1078 1897 1151 1916 usus
1171 1887 1289 1918 fructus

28 1943 33 1954 :
58 1936 150 1964 um,
171 1937 248 1967 quas
262 1928 383 1967 antiqui
399 1929 537 1967 publicas
553 1931 600 1959 vel
616 1939 796 1960 communes
810 1931 1018 1970 appellabant,
1041 1940 1172 1969 quarum
1188 1931 1290 1961 domi-

46 1979 133 2007 um,
154 1976 190 2000 ut
210 1971 299 2001 aiunt
318 1972 543 2011 jurisconsulti,
565 1983 656 2002 nemo
672 1973 715 2002 ita
736 1979 856 2013 poterat
871 1983 1030 2013 occupare,
1055 1979 1090 2003 ut
1111 1975 1290 2005 excluderet

62 2026 65 2038 ι
109 2035 118 2044 .
165 2014 256 2045 Tales
286 2020 358 2044 sunt
383 2025 445 2052 aer,
469 2025 550 2054 aqua
571 2017 737 2055 profluens,
762 2027 846 2047 mare
875 2019 1003 2056 ejusque
1025 2017 1138 2047 littora.
1185 2018 1233 2047 Ita
1258 2023 1292 2048 et

44 2063 176 2088 minata
201 2058 325 2097 publico
348 2058 418 2088 usui
442 2059 626 2096 inserviunt,
650 2060 796 2099 quoniam
820 2060 964 2091 omnibus
984 2070 1072 2099 aeque
1088 2061 1126 2091 iis
1142 2061 1288 2091 delectari

46 2143 126 2180 03,
149 2143 201 2175 94.
240 2142 398 2185 [Gracia]
441 2146 517 2175 Haec
543 2146 647 2176 omnia
672 2147 827 2186 praecipue
850 2148 888 2177 de
913 2146 1160 2177 Atheniensibus
1183 2148 1286 2179 valere

43 2219 48 2224 ,
82 2186 230 2219 nifestum
253 2193 308 2218 est.
318 2186 650 2230 —[positis-—bellis]
675 2190 811 2221 maxime
831 2196 900 2230 post
922 2191 1090 2230 composita
1113 2191 1194 2221 bella
1209 2192 1285 2222 Per-

50 2244 84 2285 ᾖ
110 2246 154 2252 --
170 2228 317 2271 [nugari]
347 2233 355 2247 ‘
371 2242 403 2262 se
424 2233 498 2262 dare
523 2233 562 2262 ad
583 2233 688 2263 omnia
704 2234 803 2272 poesis
823 2244 949 2273 genera,
971 2235 1009 2264 ad
1026 2234 1162 2273 picturae,
1185 2236 1287 2275 sculp-

41 2286 44 2292 ·
70 2302 72 2304 ,
88 2295 91 2298 ⁴
108 2295 118 2310 ‚
132 2273 258 2304 musicae
274 2281 364 2311 arte3‚
381 2275 420 2305 ad
435 2276 524 2306 ludos
539 2276 784 2315 3γ1ηηαειίεοες’
801 2288 870 2316 quae
886 2277 990 2307 onmia
1003 2287 1072 2307 cum
1085 2278 1284 2309 atrocissimis

41 2314 93 2348 ῑῑὶο
119 2317 208 2347 hellis
233 2325 411 2357 comparata
435 2319 548 2358 partim
578 2319 776 2358 ingeniorum
806 2326 878 2351 sunt
907 2322 1002 2358 lusus,
1031 2322 1144 2361 partim
1171 2323 1285 2352 virium

52 2373 55 2379 ¹
73 2375 76 2380 ·
87 2358 157 2390 cr‘oe
168 2361 413 2398 exercitationes,
429 2373 518 2403 nuga
532 2362 637 2402 igitur,
645 2363 720 2437 lisine
735 2364 985 2404 reprehensionis
999 2364 1234 2404 significatione.
1241 2382 1286 2387 —

692 2407 713 2437 5
