1390 2586
1370 0 1390 78 i

131 101 185 138 30
483 109 743 137 SATIRARUM
773 108 859 136 Lm.
884 109 934 137 11.
953 98 994 136 2.
1380 85 1390 136 ξ

134 207 310 263 AEgrum
332 208 517 248 sollicitat
536 207 796 256 stomachum,
819 222 943 262 quum
965 207 1102 263 rapula
1121 209 1265 263 plenus
1382 162 1390 213 i

137 266 274 319 Atque
294 264 424 304 acidas
446 264 596 305 mavult
614 265 756 304 inulas.
817 263 1003 304 Necdum
1023 265 1151 306 omnis
1169 265 1309 306 abacta
1381 255 1390 299 fi

138 320 355 375 Pauperies
376 320 504 374 epulis
525 335 688 374 regum:
720 335 812 361 nam
832 320 976 360 vilibus
996 321 1080 362 ovis
1301 323 1355 361 45
1378 310 1390 364 i

139 377 357 431 Nigrisque
378 385 438 417 est
458 376 556 416 oleis
578 376 693 416 hodie
715 377 836 417 locus.
899 376 1018 417 Haud
1040 377 1096 418 ita
1115 377 1268 432 pridem
1383 375 1390 430 ζ

156 433 300 473 ἷῑιΙΙοηί
322 433 515 486 praeconis
536 441 620 472 erat
638 432 869 486 acipensere
890 447 1028 473 mensa
1385 445 1390 484 ζ

141 489 316 529 Infamis.
360 488 503 536 Quid?
525 497 608 528 tum
630 488 814 529 rhombos
835 489 966 529 minus
985 502 1145 543 aequora
1163 488 1358 536 alebant?
1388 518 1390 523 -

139 545 271 585 Tutus
293 554 377 585 erat
397 545 598 592 rhombus,
622 552 789 599 tutoque
811 544 964 585 ciconia
983 545 1098 592 nido;

139 601 286 641 Donec
307 615 375 640 vos
394 610 531 641 auctor
551 601 686 642 docuit
705 600 924 655 praetorius.
986 600 1110 656 Ergo,
1305 604 1358 641 50
1384 603 1390 643 ’,

141 659 183 697 Si
205 657 295 711 quis
316 672 423 697 nunc
443 671 602 711 mergos
622 671 763 697 suaves
784 656 956 697 edixerit
974 671 1093 706 assos,

142 713 305 753 Parebit
325 713 434 766 pravi
456 713 593 752 docilis
616 713 799 753 Romana
812 715 1019 768 juventus.

141 770 332 809 Sordidus
352 785 375 809 a
396 770 504 810 tenui
528 770 635 810 victu
657 769 830 818 distabit,
853 768 990 810 Ofella

139 825 304 871 Judice;
336 840 426 865 nam
448 825 593 866 frustra
613 825 752 866 vitium
774 825 960 866 vitaveris
979 824 1091 873 illud,

141 882 183 921 Si
206 890 245 922 te
266 882 343 922 alio
364 896 528 935 pravum
550 881 772 922 detorseris.
835 881 1070 930 Avidienus‚
1307 885 1359 922 55
1387 902 1390 930 j

142 938 219 977 Cui
244 937 378 985 Canis,
401 952 451 977 ex
474 952 566 977 vero
588 938 750 986 dictum,
774 952 996 993 cognomen
1017 937 1206 986 adhaeret,

141 994 438 1047 Quinquennes
460 993 565 1034 oleas
587 1002 648 1034 est
667 1003 707 1034 et
726 994 922 1034 silvestria
942 1008 1082 1040 corna3

141 1052 216 1098 Ac,
239 1050 312 1090 nisi
338 1058 545 1098 mutatum,
570 1050 696 1104 parcit
715 1049 935 1090 defundere
955 1049 1105 1097 vinum,
1129 1057 1182 1098 et,

141 1106 270 1160 Cujus
291 1106 450 1146 odorem
473 1106 550 1146 olei
572 1121 747 1160 nequeas
768 1106 944 1160 perferre
967 1105 1123 1159 (licebit

141 1162 216 1202 Ille
238 1162 403 1216 repotia,
426 1162 590 1210 natales,
613 1162 760 1202 aliosve
781 1162 934 1202 dierum
1307 1163 1360 1200 60

144 1218 282 1258 Festos
302 1219 456 1258 albatus
477 1219 670 1271 celebret)
695 1233 817 1258 cornu
837 1218 922 1273 ipse
945 1217 1075 1258 bilibri

143 1274 336 1314 Caulibus
356 1274 533 1322 instillat,
556 1275 702 1315 veteris
722 1289 801 1314 non
824 1288 964 1329 parcus
983 1273 1099 1314 aceti.

143 1329 266 1378 Quali
288 1331 410 1386 igitur
431 1331 538 1370 victu
559 1331 718 1385 sapiens
739 1329 906 1371 utetur?
927 1339 967 1370 et
987 1329 1128 1369 horum

144 1386 293 1427 Utrum
313 1386 563 1427 imitabitur?
621 1387 712 1427 Hac
733 1395 851 1442 urget
871 1386 1000 1438 lupus,
1018 1386 1091 1426 hac
1111 1384 1217 1426 canis
1236 1383 1362 1439 angit.

145 1442 325 1483 Mundus
347 1443 433 1490 erit,
457 1443 525 1497 qui
547 1458 626 1482 non
648 1443 824 1483 offendat
843 1442 1045 1490 sordibus3
1076 1450 1197 1496 atque
1310 1443 1363 1480 65

142 1499 190 1539 In
213 1508 394 1539 neutram
417 1508 568 1553 partem
591 1498 720 1540 cultus
742 1499 871 1539 miser.
935 1497 1015 1538 Hic
1035 1512 1167 1552 neque
1186 1496 1323 1544 servis,

144 1555 284 1595 Albuti
307 1555 413 1595 senis
434 1555 632 1609 exemplo,
655 1555 749 1595 dum
771 1555 908 1594 munia
926 1554 1038 1603 didit,

146 1612 283 1652 Saevus
305 1612 402 1659 erit3
426 1626 499 1652 nec
521 1612 577 1651 sic
598 1619 642 1652 ut
661 1610 833 1665 simplex
856 1610 1032 1658 Naevius,
1058 1617 1216 1650 unctam

144 1667 335 1707 Convivis
349 1668 543 1722 praebebit
558 1682 720 1721 aquam:
742 1666 881 1708 vitium
896 1667 970 1706 hoc
983 1680 1144 1720 quoque
1161 1678 1364 1720 magnum.

141 1724 294 1778 Accipe
316 1738 435 1772 nunc,
460 1724 587 1764 victus
607 1724 738 1764 tenuis
759 1738 849 1777 quae
869 1730 1099 1777 quantaque
1119 1735 1252 1762 secum
1312 1723 1364 1761 70

144 1779 309 1820 Afferat.
372 1779 417 1819 In
440 1779 577 1834 primis
599 1779 729 1820 valeas
752 1779 878 1819 bene:
911 1793 1015 1826 nam,
1037 1778 1156 1819 variae
1175 1791 1239 1818 res

144 1835 205 1876 Ut
225 1843 395 1876 noceant
416 1835 579 1884 homini,
601 1835 750 1883 credas,
773 1849 924 1874 memor
945 1834 1051 1874 illius
1071 1849 1184 1883 escae,

144 1892 251 1940 Quae
271 1892 441 1946 simplex
463 1892 556 1931 olim
579 1892 650 1932 tibi
671 1891 839 1938 sederit;
870 1902 911 1931 at
930 1891 1047 1931 simul
1067 1890 1164 1932 assis

145 1948 360 1988 Miscueris
381 1948 499 1996 elixa,
521 1948 639 1988 simul
661 1947 869 2002 conchylia
890 1947 1028 1996 turdis,

143 2004 292 2044 Dulcia
312 2019 354 2044 se
375 2005 414 2044 in
439 2004 557 2044 bilem
579 2012 748 2052 vertent,
771 2004 1055 2057 stomachoque
1076 2001 1292 2044 tumultum
1313 2003 1365 2042 75

147 2061 278 2101 Lenta
298 2061 400 2101 feret
420 2061 576 2115 pituita.
637 2060 775 2108 Vides,
800 2068 842 2100 ut
862 2059 1033 2114 pallidus
1052 2058 1182 2100 omnis

145 2117 273 2157 Coena
296 2117 486 2171 desurgat
505 2115 659 2158 dubia?
719 2115 832 2164 Quin
855 2130 998 2170 corpus
1018 2125 1207 2155 onustum

143 2172 356 2213 Hesternis
379 2173 484 2214 vitiis
503 2173 680 2213 animum
703 2187 864 2227 quoque
884 2179 1108 2227 praegravat
1129 2185 1219 2220 una,

141 2232 280 2283 Atque
301 2229 426 2284 affigit
448 2229 568 2269 humo
588 2229 734 2270 divinae
756 2228 990 2284 particulam
1008 2241 1128 2268 aurae.

138 2285 269 2334 Alter,
294 2285 361 2326 ubi
382 2285 489 2326 dicto
509 2285 625 2326 citius
646 2295 782 2326 curata
801 2284 932 2340 sopori
1311 2284 1363 2322 80
