1390 2586
1346 0 1390 71 3!

123 89 206 131 250
550 87 916 117 INTERPRETATIO.
1225 85 1353 128 [mn-.-
1363 76 1390 151 ἶς’

128 187 177 228 [in
204 186 324 227 vitium]
367 189 375 204 ‘
397 187 427 216 in
457 185 564 215 vitium
595 185 771 215 deliciarum
798 191 922 225 propter
950 185 1178 224 prosperitatem
1202 185 1373 216 fortuna-*t

131 232 235 261 Comm.
255 231 304 260 Cr.
350 229 503 258 Vocabulo
526 229 629 258 vitium
655 229 818 257 admodum
841 228 988 257 malitiose
1009 238 1081 258 usus
1103 235 1148 258 est
1171 228 1249 264 ideo,
1270 228 1373 266 quod‘

127 271 313 312 βαναύσοις
341 273 421 301 inter
451 272 605 300 Romanos
638 271 741 299 omnia
770 271 833 300 haec
862 271 1037 300 Graecorum
1065 271 1166 301 studia
1190 272 1295 301 vitiosa
1322 276 1353 301 et

129 326 351 356 superyacanea
367 314 555 343 videbantur.
569 329 610 334 —
621 313 775 350 Significat
796 318 897 342 autem
913 322 1031 342 morum
1054 313 1263 348 mutationem,
1285 322 1359 350 qun·

129 359 286 397 paullatim
312 358 382 386 inde
412 366 430 385 a
454 355 567 385 Pericle
589 364 684 392 usque
711 356 750 384 ad
777 355 950 393 Philippum
974 355 1171 385 Macedonem
1199 355 1277 384 sacta
1298 361 1358 390 est,

131 410 225 439 quum
245 411 262 429 a
278 400 376 438 priscii.
391 397 582 436 simplicitate
597 404 627 426 et
641 399 677 426 ab
699 396 751 426 illa
773 395 1016 437 μεγαλοψυχίᾳ,
1036 407 1126 435 quam
1142 397 1221 427 bella
1237 397 1359 428 Persium

131 443 170 472 iis
196 442 388 475 instillarant‚
415 440 599 479 pedetentim
623 440 798 468 recedentes
827 440 920 468 effuse
948 449 980 468 se
1008 440 1153 470 dederent
1179 445 1362 469 cunctarum

132 485 243 514 artium
269 484 426 517 illecebris,
458 483 552 511 donec
576 482 733 510 discordiis
757 482 905 510 debilitati
931 487 1022 519 atque
1045 481 1076 511 in
1099 482 1257 511 mollitiem
1280 480 1362 519 lapsi

132 528 256 556 tandem
282 527 312 555 in
339 526 540 556 Macedonum
565 529 744 562 potestatem
774 522 1182 564 pervenerunt.--[Iabier]
1217 523 1278 553 Csr.
1294 524 1359 554 Sat.

132 570 160 606 1,
175 571 204 603 2,
220 570 271 598 35.
1358 592 1360 594 ,

175 611 331 642 96—102.
355 608 492 650 [fabros]
515 608 678 649 τεχνίτας.
687 625 728 629 -
740 606 868 647 [eboris]
885 608 1054 638 Recordare
1065 608 1112 637 vel
1126 608 1240 638 Phidiae
1252 607 1364 638 Jovem

136 654 323 692 Olympium.
333 669 375 674 —-
389 651 582 692 [Suspendit]
608 654 615 668 ‘
631 652 760 681 Tabulas
776 651 870 688 pictas
884 651 1083 680 attentissime
1098 651 1253 689 spectavit,
1268 650 1310 679 ita
1325 655 1363 681 ut

136 698 237 726 oculos
253 695 526 734 cogitationemque
542 697 579 724 ab
594 695 630 724 iis
644 694 692 722 vix
708 703 862 722 removere
877 699 987 732 posset,
1001 702 1094 731 quum
1111 692 1228 731 pulchri
1244 692 1363 730 speciee

136 744 228 777 atque
255 739 410 775 exemplar
437 738 469 766 in
496 737 619 766 intimos
643 737 708 774 ejus
733 736 858 764 affectus
886 733 1342 774 penetrassen'—[tibicinibus

137 783 145 797 ‘
158 780 403 819 symphoniacis:
433 790 471 809 ex
505 779 614 818 quibus
648 788 743 808 unum
778 787 874 816 genus
908 777 1054 807 nominat.
1066 793 1108 798 —
1122 775 1199 816 [Sub
1228 779 1342 807 nutrice

135 825 333 853 ‘moderante
357 822 494 858 nutrice‚’
519 827 552 851 ut
576 823 654 860 Epp.
681 821 709 852 1,
738 820 786 855 16,
812 819 862 854 77,
886 829 959 850 soevo
981 824 1010 850 te
1031 820 1085 849 sub
1110 820 1227 849 custode
1251 820 1365 849 tenebo.

138 866 281 895 Nutrices
299 870 401 894 autem
417 865 497 902 apud
513 864 653 902 antiquos
669 863 800 902 primum
814 864 875 891 sere
890 872 944 900 per
964 862 1130 891 triennium
1144 861 1274 890 infantes
1289 861 1364 891 edu-

139 910 256 938 cabant.
267 924 308 929 —
322 905 452 946 [mature
465 905 568 945 plena]
595 907 642 935 Sic
661 905 852 943 jungendum
868 905 998 938 videtur,
1022 913 1082 933 non
1099 908 1212 933 mature
1232 905 1364 942 reliquit,

140 951 221 989 quod
237 951 387 987 ingratam
403 950 536 978 efficeret
551 947 721 978 ἀντίθεσιν
737 957 783 975 vv.
799 948 904 986 cupide
915 948 1013 985 petiit.
1047 947 1104 975 Est
1117 954 1219 975 autem
1233 956 1240 974 τ
1264 947 1272 961 ‘
1284 943 1365 984 ἁψίιι

139 1003 242 1032 κορος,
268 993 405 1022 celeriter
427 992 535 1020 satiata
560 990 697 1025 Graecia‚'
724 999 794 1024 non,
820 995 854 1018 ut
878 989 929 1018 alii
953 989 1069 1023 volunt,
1089 986 1368 1027 puellm—[Quid

134 1033 252 1074 placet]
279 1037 286 1050 ‘
300 1035 348 1063 Ex
364 1035 505 1063 humanae
521 1039 637 1062 natura>
653 1032 824 1062 conditione
842 1031 917 1060 nihil
938 1031 968 1060 in
990 1036 1170 1069 perpetuum
1193 1035 1246 1060 aut
1269 1031 1371 1068 piacet

140 1084 194 1107 aut
209 1078 378 1116 spernitur-5
402 1077 483 1105 haud
500 1076 592 1113 igitur
607 1075 718 1104 mirum
733 1080 788 1110 est,
804 1074 829 1103 si
845 1073 943 1102 Graeci
959 1082 1080 1111 quoque
1093 1075 1130 1101 ab
1146 1073 1207 1102 una
1221 1072 1258 1101 nd
1274 1073 1370 1102 aliam

141 1126 237 1150 artem
254 1120 404 1157 praecipue
420 1119 576 1147 colendam
592 1116 799 1147 transierunt.'
833 1116 898 1144 Hoc
910 1125 1008 1150 versu,
1021 1116 1045 1144 si
1061 1115 1134 1152 quid
1146 1115 1176 1144 in
1190 1116 1368 1147 Graecorum

141 1163 249 1192 studiis
274 1163 371 1190 inesse
394 1161 532 1190 videatur
555 1160 684 1188 levitatis
707 1166 798 1196 atque
822 1158 1043 1193 inconstantiae,
1063 1157 1287 1194 quodammodo
1310 1166 1367 1186 ex·

143 1210 236 1234 cusat.
250 1220 290 1225 ——
305 1202 455 1243 [ventique
470 1200 606 1240 secundi]
631 1203 639 1216 ‘
651 1210 793 1240 prospera
808 1199 928 1229 fortuna
951 1200 1007 1229 hoc
1027 1200 1137 1234 effecit,
1162 1204 1196 1228 ut
1211 1199 1262 1228 tali
1279 1199 1371 1231 modo

145 1253 290 1284 tantoque
305 1256 374 1274 cum
390 1255 527 1274 successu
545 1245 643 1274 Graeci
658 1243 831 1272 liberalibus
846 1242 960 1271 artibus
975 1251 1097 1280 operam
1112 1241 1238 1271 darent!

190 1288 362 1319 103—105.
387 1285 521 1327 [Romae]
546 1287 772 1316 ‘Romanorum
788 1290 893 1314 contra
914 1286 951 1314 ab
971 1284 1086 1314 artibus
1107 1283 1281 1313 liberalibus
1305 1282 1371 1321 pri-

145 1342 229 1360 mum
245 1340 417 1359 aversorum
440 1331 504 1358 haec
523 1329 646 1358 fuerunt
667 1328 819 1366 praecipua
839 1326 959 1362 studia:
985 1327 1038 1356 &c.
1063 1325 1123 1355 Cfr.
1146 1327 1183 1355 A.
1201 1326 1230 1356 P.
1246 1325 1372 1356 323.—

149 1371 318 1414 [sollemne]
344 1372 582 1402 ‘consuetudine
604 1370 802 1408 usurpatum?
828 1370 932 1398 Comm.
958 1366 1194 1407 (ln—[Mane]
1220 1370 1280 1398 Sat.
1298 1367 1326 1402 l,
1343 1367 1374 1406 l,

149 1417 198 1451 10,
214 1417 275 1445 Sub
287 1416 364 1454 galli
379 1421 496 1444 cantum
511 1415 656 1443 consultor
671 1415 721 1442 ubi
735 1414 810 1441 ostia
821 1413 932 1450 pulsat.
942 1427 984 1432 -
994 1409 1134 1450 [cautos]
1160 1410 1373 1440 Formularum

147 1468 285 1488 sermone
306 1467 451 1496 perquam
474 1457 546 1486 scite
570 1456 618 1484 hic
641 1465 712 1484 usus
734 1461 788 1489 est,
813 1459 847 1483 ut
870 1458 994 1492 apparet
1013 1462 1051 1482 ex
1068 1453 1144 1482 Plin.
1162 1453 1238 1491 Epp.
1258 1451 1306 1487 10,
1321 1451 1373 1486 62.

148 1501 383 1531 distribuendam
398 1501 475 1528 inter
490 1500 659 1528 decuriones
671 1499 826 1536 pecuniam
841 1498 894 1530 ita,
918 1500 950 1525 ut
972 1499 1070 1525 reete
1089 1496 1258 1534 reipublicae
1273 1504 1375 1524 caves

149 1548 247 1576 rent,·
271 1543 344 1572 Cod.
375 1543 404 1577 2,
433 1541 462 1576 4,
485 1542 515 1575 2,
545 1545 642 1570 recte
670 1544 776 1569 cauta
799 1539 933 1577 pecunia.
979 1538 1035 1567 Est
1057 1538 1166 1575 igitur:
1195 1537 1375 1576 ‘pecuniam

149 1591 238 1621 reete,
259 1585 278 1614 i.
302 1595 327 1614 e.
350 1594 368 1613 a
391 1584 525 1613 debitore
547 1582 690 1620 legitimis
712 1581 980 1619 chirographorum
1005 1580 1142 1609 formulis
1163 1584 1279 1608 cautam
1304 1578 1376 1608 huie

151 1629 273 1658 credere
291 1626 399 1665 (fenori
417 1624 503 1663 dare)
521 1631 611 1662 atque
626 1625 787 1663 expendere
804 1622 982 1661 (expensam
997 1619 1110 1659 ferre).’
1154 1622 1255 1659 Junge
1273 1624 1376 1650 autem

152 1680 281 1701 nummos
296 1674 395 1698 cautos
409 1669 572 1697 nominibus
586 1669 673 1696 rectis
688 1667 788 1700 ablat„
805 1675 863 1694 non
879 1666 1040 1703 expende-re
1055 1665 1218 1694 nominibus
1233 1663 1324 1693 dativ.

197 1713 265 1742 108.
290 1709 452 1750 [Mutavit]
478 1710 580 1739 Animi
597 1717 669 1738 tunc
689 1709 755 1737 sessi
780 1714 865 1736 erant
885 1706 1041 1736 discordiis
1057 1706 1210 1735 intestinis
1232 1707 1377 1735 libenter-

154 1765 214 1794 que
231 1754 408 1783 fruebantur
422 1762 495 1791 pace
511 1753 548 1781 ab
567 1753 702 1788 Augusto
719 1750 904 1785 conservata,
926 1750 969 1778 ita
988 1754 1100 1783 tamen,
1120 1754 1154 1777 ut
1173 1749 1262 1786 longe
1278 1748 1377 1777 minor

153 1797 264 1827 civium
282 1806 350 1835 pars
372 1805 463 1833 quam
480 1801 579 1823 vetere
599 1794 754 1831 republica
777 1799 828 1821 aut
852 1791 933 1821 domi
957 1791 1086 1828 negotiis
1106 1790 1244 1820 civilibus
1262 1797 1293 1819 et
1313 1790 1377 1820 elo-

155 1839 281 1878 quentia
297 1843 348 1868 aut
364 1837 480 1866 militiae
494 1837 601 1866 bellica
614 1837 724 1864 virtute
739 1834 865 1872 gloriam
879 1833 936 1863 sibi
951 1843 1058 1871 parare
1072 1838 1103 1862 et
1112 1833 1200 1862 vellet
1215 1839 1246 1862 et
1260 1837 1378 1870 possete

155 1888 303 1922 praeterea
319 1881 432 1909 Graecae
447 1879 555 1908 litterae
570 1879 601 1907 in
623 1878 687 1907 dies
703 1877 798 1915 magis
814 1877 1050 1905 innotescebant.
1093 1875 1162 1904 Jam
1177 1881 1300 1913 propter
1314 1875 1380 1904 haee

157 1924 259 1954 omnia
274 1922 425 1962 permulti,
449 1931 487 1950 ne
503 1922 595 1950 vitam
620 1921 681 1949 otio
704 1924 846 1955 tererent,
871 1917 995 1957 poeticis
1013 1917 1121 1947 studiis
1141 1926 1206 1946 sese
1220 1918 1380 1952 dederunt,

158 1976 255 2005 eoque
271 1965 376 2003 magis,
399 1964 480 2002 quod
495 1963 667 2001 Augustum
684 1967 714 1991 et
730 1962 929 1991 Maecenatem
950 1960 997 1989 his
1018 1959 1119 1990 favere
1134 1959 1296 1993 videbant;
1320 1968 1381 1996 quo

158 2009 190 2038 in
207 2010 322 2038 fervore
338 2007 472 2036 omnium
489 2006 576 2035 aliter
592 2005 642 2034 vix
658 2004 723 2033 fleri
739 2009 866 2042 poterat,
888 2012 980 2041 quam
1003 2007 1037 2032 ut
1058 2002 1154 2031 multa
1166 2006 1306 2040 poemata
1318 2010 1381 2030 non

158 2052 256 2081 solum
271 2049 445 2086 mediocria,
469 2049 522 2077 sed
545 2047 636 2076 etiam
656 2047 736 2075 mala
752 2046 918 2084 prodirent,
938 2054 973 2074 ac
987 2044 1124 2083 plerique
1139 2043 1278 2076 servilem
1293 2043 1381 2072 Grae·

160 2103 263 2123 corum
279 2091 480 2121 imitationem
496 2099 653 2127 nunquam
670 2089 895 2126 egrederentur.
941 2087 1030 2116 Hanc
1045 2085 1176 2116 subitam
1190 2085 1283 2123 igitur
1297 2085 1382 2122 inge-

159 2135 279 2164 niorum
292 2144 326 2164 ac
336 2134 505 2163 studiorum
517 2131 716 2162 mutationem
730 2131 829 2169 lepide
841 2129 968 2166 deridet,
977 2125 1122 2170 εἰρωνείᾳ
1134 2127 1166 2157 in
1177 2127 1381 2165 semetipsum

159 2187 279 2217 quoque
296 2186 377 2205 usus.

203 2219 377 2250 loa—113.
403 2215 528 2257 [severi]
552 2216 624 2254 ‘qui
647 2220 769 2254 propter
792 2219 912 2244 aetatem
935 2212 1031 2244 severi
1055 2222 1120 2243 esse
1145 2212 1299 2247 deberent,
1325 2211 1381 2250 ipsi

161 2272 281 2301 quoque
310 2260 398 2298 nugis
427 2255 820 2298 indulgent.’—-[Fronde]
844 2256 932 2292 lauri,
961 2256 1058 2291 olivae,
1082 2255 1204 2284 bederae
1226 2260 1380 2292 poetarum

162 2304 298 2334 habitum
314 2308 467 2332 sumentes
481 2312 535 2341 pro
550 2301 639 2331 solita
653 2302 764 2330 corona.
785 2310 823 2330 ex
845 2298 914 2338 apio
935 2304 966 2328 et
985 2298 1060 2328 rosis
1080 2297 1170 2328 next'i.
1181 2293 1380 2336 —[dictant]
