1390 2586
15 92 101 124 vm.
114 94 154 119 u.
170 83 220 128 6.]
470 83 849 115 mmRPRETA'rio.
1209 83 1290 126 175

30 188 229 222 maiatum
252 189 329 222 erat,
358 194 399 215 ne
421 183 560 226 κυάμοις
582 189 800 218 vescerentur:
823 183 876 214 alii
906 184 982 215 alias
1007 194 1115 215 causas
1141 186 1285 217 afferunt.

35 232 105 264 Boe
118 231 212 271 igitur
225 229 316 260 dicit:
343 230 351 246 ‘
364 229 475 260 Nobile
490 230 568 259 illud
584 229 741 268 legumen,
756 228 839 267 quod
855 229 966 266 vulgus
988 229 1114 268 quidem
1138 239 1284 268 spernere

33 276 121 312 udae,
138 275 194 306 nod
206 282 262 314 μυ
279 278 410 311 cognato
424 272 482 302 sibi
498 273 607 303 habuit
622 273 670 302 vel
691 271 758 312 ipse
775 272 977 311 Pythagoras.
979 271 986 285 '
998 289 1043 294 —
1056 271 1177 313 [Une-tu
1191 272 1283 314 sacis]

33 317 202 359 Sitit-ge,
220 326 283 347 non
296 317 372 347 sacis
384 317 502 356 pingui.

71 360 210 398 3—67.
233 357 453 401 [o—coenae]‘
464 369 552 398 aeque
575 369 690 390 securae
713 363 744 389 et
757 359 916 398 jucundae,
933 368 969 389 ac
984 359 1010 389 si
1025 361 1146 390 conviva
1161 361 1283 391 deorum

33 414 133 438 enm
154 404 229 444 (od.
255 403 358 440 1‚28,
382 402 430 442 7),
454 403 486 432 ἰη
511 410 632 433 noctem
659 412 757 441 usque
780 403 1019 442 productael'—
1041 400 1186 452 [meique]
1218 413 1281 434 non

32 447 156 486 ‘acvb’
172 447 227 480 sed
246 452 283 477 ut
303 452 388 486 patet
409 456 448 476 ex
471 457 558 486 seqq.
578 452 609 476 et
628 456 667 476 ex
683 456 711 476 v.
727 445 779 482 41,
794 456 924 481 suorum,
939 446 1051 476 ‘amici
1074 453 1167 486 atque
1190 447 1282 477 fami·

12 500 15 506 ¹
31 491 132 530 hen,
149 491 202 531 qui
222 490 256 520 in
278 490 365 520 lectis
385 499 507 519 mecum
530 491 726 525 accumbunt,
742 496 773 519 et
788 489 914 528 quidem
929 499 968 519 ex
984 490 1169 520 rusticorum
1185 500 1283 530 more,

31 539 104 567 nme
126 534 220 566 Lares
244 534 278 565 in
302 534 369 564 foco
393 534 568 572 collocatos,
592 534 668 563 dum
693 533 773 563 servi
797 533 880 562 domi
905 543 982 563 meae
1009 534 1072 563 nati
1100 534 1282 573 nutritique,

11 597 13 603 ‹
29 578 154 615 aberet,
166 583 201 608 ut
210 577 320 613 colent,
333 583 364 607 et
374 578 550 616 petulantes
562 586 700 606 mensam
713 575 922 613 circumstant,
933 582 965 607 et
975 587 1048 607 mox
1060 587 1148 607 coena
1160 579 1285 616 peracta

11 639 13 643 ι
29 621 108 662 {utiq
110 621 176 652 uias
189 621 329 651 ciborum
343 630 362 650 a
378 620 466 650 nobis
481 626 631 659 quantum
647 620 723 650 libet
737 620 969 658 degustatorum
986 621 1174 651 comedunt.⁹

72 663 208 700 88—72.
233 661 406 704 [Siccat]‘
420 665 482 693 Suo
505 663 635 703 quisque
658 664 810 693 arbitratu
834 663 931 693 ebibit
942 665 1063 715 pocula
1083 665 1204 694 minora
1228 670 1283 695 aut

28 709 156 748 mora,
178 708 257 738 liber
274 717 293 739 a
311 707 447 737 molestis
465 707 525 736 illis
539 707 670 747 legibus,
686 717 763 746 quas
779 703 1036 747 συμποσιάρχης
1051 706 1119 747 (rex
1136 708 1280 747 bibendi)

29 749 71 784 δε
81 761 211 782 numero
222 760 257 781 ac
268 751 414 781 mensura
422 751 601 790 poculorum
613 751 688 780 alias
697 750 835 780 convivis
847 749 963 780 dictat!
973 767 1016 772 —
1028 748 1166 790 [capitJ‘
1175 752 1281 787 sumit,

27 794 136 834 eligit-¹
147 792 320 834 —[acn·a]
349 793 522 832 ‘grandim'
547 795 644 824 Acres
666 798 788 833 potores
812 794 955 824 similiter
977 795 1040 824 Sat.
1066 795 1096 829 2,
1121 795 1150 831 8,
1176 795 1226 825 36.
1239 812 1284 818 —

29 835 178 879 [uvescit]
200 837 378 877 ‘paullatim
400 838 507 868 uvidus
527 837 563 866 fit
586 836 661 877 (Od.
676 837 707 874 4,
730 839 760 874 5,
782 836 851 877 39),
875 839 953 867 bene
978 839 1096 876 potus?
1120 839 1212 877 gloss.
1236 846 1284 869 est

28 882 183 931 Dymaei&
204 881 293 912 codd.
315 881 387 920 aliq.
402 878 631 921 -—[Lepos]“
644 880 774 920 insignis
795 882 932 917 saltator,
952 881 1164 914 archimimus
1187 883 1283 912 Octa-

29 924 122 955 viano
135 930 251 964 gratus,
269 924 322 963 qui
338 925 435 963 lepide
448 934 570 963 semper
585 925 725 961 saltabat,
738 925 821 954 unde
833 925 862 954 ei
876 934 989 954 nomen
1002 925 1168 954 indituml'
1186 926 1283 957 Schol.

73 967 208 1004 73—78.
243 965 412 1008 [Pertinet]
444 968 526 997 ‘Sed
553 967 699 997 Socratici
726 968 849 1006 generis
878 968 974 998 nostri
1005 975 1078 998 sunt
1105 970 1283 1000 sermones.’

28 1025 73 1035 —
86 1008 316 1052 [summumque]
333 1013 341 1027 ‘
353 1010 392 1041 τὸ
407 1008 502 1047 τέλος
517 1011 586 1042 τῶν
601 1009 752 1052 ἀγαθῶν,
768 1009 874 1048 ἡδονὴ
892 1010 912 1048 ὴ
930 1010 1043 1051 ἀρετὴ,
1062 1019 1211 1051 perpetua
1230 1013 1285 1043 illa

29 1054 235 1085 controversia
255 1054 338 1084 inter
355 1054 472 1084 Stoicos
489 1059 521 1084 et
536 1054 706 1093 Epicureos
722 1064 776 1084 nos
793 1064 917 1094 quoque
932 1055 1048 1094 agitat!
1062 1072 1105 1077 —-
1122 1054 1283 1097 [Cervius]

25 1096 150 1138 hyaidus
164 1107 200 1128 ac
214 1097 330 1128 facetus
341 1098 461 1128 Horatii
475 1098 611 1134 vicinus3
631 1098 767 1128 Arellius
778 1104 885 1128 contra
898 1108 1020 1134 avarus,
1031 1098 1107 1128 item
1123 1099 1155 1128 in
1170 1100 1284 1130 vicinia

25 1139 180 1173 hbitaus.
194 1157 239 1163 -
254 1139 387 1182 [garrit]
403 1143 411 1158 ‘
425 1141 554 1171 comiter
576 1147 680 1171 narrat
700 1141 827 1171 fabellas
844 1142 988 1181 AEsopias
1007 1143 1114 1178 aniles,
1136 1143 1282 1174 omnibus

83 1180 85 1182 ’
104 1194 160 1224 per
174 1184 330 1214 nutricum
350 1184 542 1215 narrationes
561 1185 635 1214 inde
649 1195 668 1215 a
682 1184 817 1224 pueritia
833 1192 932 1222 notas,
949 1195 1006 1216 nec
1022 1191 1125 1216 tamen
1143 1197 1280 1225 unquam

25 1226 222 1268 hjucundas,
239 1228 264 1258 si
280 1227 378 1258 facete
392 1225 577 1259 narrentur?
590 1244 635 1250 —
649 1229 717 1268 [Ex
734 1227 809 1266 re]‘
819 1238 876 1268 pro
890 1238 925 1259 re
948 1230 1031 1265 nata,
1051 1235 1085 1259 ut
1104 1239 1153 1260 res
1168 1230 1228 1292 fert
1250 1236 1282 1261 et

28 1271 181 1303 amonis
194 1271 272 1301 forte
286 1271 345 1300 orti
361 1271 498 1301 occasio.

71 1313 209 1350 79—83.
234 1312 350 1356 [olim]
365 1315 444 1345 Olim
458 1321 489 1345 et
503 1315 651 1354 quondam
664 1314 810 1354 frequens
824 1314 1007 1345 fabellarum
1023 1322 1054 1346 et
1069 1287 1284 1356 exemplorum

20 1356 162 1393 initium,
177 1359 340 1388 nostrum‘
353 1368 422 1389 once
444 1369 521 1409 apo-n
543 1368 563 1388 a
585 1360 665 1388 time.
669 1356 919 1398 '-[attentus]‘
929 1360 1060 1398 parcus,'
1077 1366 1111 1389 ut
1127 1361 1200 1391 Ter.
1217 1362 1276 1391 Ad.

27 1401 60 1438 5,
74 1401 104 1437 8,
119 1400 172 1437 31,
186 1401 323 1432 Nimiam
345 1402 388 1431 ad
410 1412 473 1432 rem
496 1403 528 1431 in
550 1403 670 1432 senecta
692 1403 804 1433 attenti
824 1413 934 1432 sumus.
949 1419 994 1424 —
1010 1401 1062 1443 [ut
1083 1401 1225 1443 tamen]‘
1238 1405 1283 1435 ita

25 1449 143 1480 nmen,
158 1450 192 1474 ut
204 1444 343 1475 animum
357 1445 433 1475 alias
448 1450 639 1475 contractum
660 1455 695 1476 ac
718 1455 813 1484 prope
836 1446 966 1476 anxium
989 1447 1108 1476 laxaret
1125 1449 1263 1486 hospitiis
1274 1449 1282 1461 ’

20 1485 150 1528 (datin,
164 1489 214 1518 ‘se
229 1487 418 1518 exhilararet
439 1488 596 1518 interdum
617 1488 754 1528 hospites
777 1488 983 1529 invitando').
998 1506 1040 1512 -
1057 1488 1141 1530 [ille]
1161 1492 1168 1506 ‘
1181 1497 1214 1521 ut
1230 1491 1284 1531 qui

24 1536 91 1563 nm
106 1531 259 1569 benignus
271 1531 372 1562 esset.¹

68 1573 207 1610 84-87.
230 1572 372 1615 [invidit]
396 1584 467 1605 cum
491 1575 639 1614 genitivo,
663 1580 698 1605 ut
721 1574 858 1615 φθονεῖν
882 1574 949 1606 τινὶ
975 1574 1075 1613 τινός.
1091 1593 1134 1598 -
1151 1575 1281 1619 [Iongae]

26 1617 48 1638 ‘⁴
61 1617 164 1648 Habet
178 1618 262 1648 enim
277 1619 415 1657 glumam
431 1617 535 1658 (grani
555 1619 742 1659 folliculum)
758 1620 892 1658 longam.
896 1619 914 1634 ’'
951 1620 1059 1650 Comm.
1078 1621 1127 1650 Cr.
1143 1637 1187 1642 —-
1203 1619 1283 1660 [aci-

26 1658 114 1700 num]
130 1670 198 1692 τινα
210 1671 319 1700 passae.
333 1677 376 1684 —
388 1660 558 1702 [tangentis
571 1660 663 1702 male]
681 1664 690 1679 ‘
700 1663 750 1692 vix
768 1668 799 1692 et
813 1663 970 1693 fastidiose
985 1664 1222 1694 manducantis!

70 1703 207 1735 88-92.
231 1703 348 1744 [Quum
366 1703 472 1745 pater]
492 1706 561 1735 Non
577 1706 643 1736 sine
660 1706 769 1736 festiva
784 1706 846 1736 stili
861 1707 1012 1744 gravitate
1027 1707 1281 1746 patremfamilias

25 1745 102 1778 fucit
121 1753 251 1778 stratum
271 1757 338 1778 esse
358 1748 391 1778 in
414 1749 504 1787 palea
526 1749 692 1779 hornotina
713 1755 807 1788 atque
830 1750 922 1780 edere
939 1750 1022 1780 cibos
1040 1751 1132 1789 longe
1147 1751 1280 1788 viliores,

26 1791 102 1821 ador
117 1789 224 1830 (apen)
239 1796 270 1821 et
290 1792 393 1821 lolium
410 1790 557 1831 (ἀοι-τιεί).
570 1809 614 1814 -
628 1791 854 1833 [patientem]‘
865 1794 1090 1834 καρτεροῦντα
1109 1795 1184 1824 dum
1207 1805 1279 1834 par-

26 1842 95 1864 cam
110 1843 145 1864 ac
159 1834 268 1864 duram
284 1835 378 1864 vitam
394 1835 480 1873 agis:
502 1835 585 1874 Virg.
603 1836 669 1866 Ecl.
689 1836 737 1871 10,
756 1837 807 1873 52,
825 1838 947 1867 Certum
963 1842 1010 1867 est
1031 1839 1063 1868 in
1083 1839 1177 1874 silvis,
1200 1840 1281 1869 inter

23 1877 136 1916 φάεα
149 1875 290 1916 ferarum
304 1878 401 1908 Malle
417 1880 498 1918 pati.
511 1895 554 1902 -—
570 1878 645 1919 [Vis
659 1877 710 1919 tu]
737 1880 940 1910 Exhortantis
962 1886 1019 1918 est,
1043 1887 1078 1911 ut
1100 1881 1158 1911 hoc
1178 1882 1281 1912 consi·

25 1919 104 1950 lium
118 1919 233 1960 capiat3
255 1921 316 1951 vin’
331 1925 365 1951 tu
378 1922 510 1961 simplex
526 1929 606 1952 esset
619 1923 829 1961 interrogatio.

68 1963 229 1995 93-100,
253 1960 429 2004 [terrestria
442 1963 576 2006 quando]
604 1966 675 1996 Mus
696 1968 834 1996 urbanus
851 1967 1070 2017 philosophum
1089 1967 1280 2007 Epicureum

25 2006 103 2046 mit,
116 2007 261 2037 omnibus
277 2009 472 2038 terrestribus
489 2007 703 2048 (animalibus)
719 2009 782 2040 fato
797 2011 977 2049 contingere
992 2011 1111 2040 animas
1134 2012 1280 2042 mortales

17 2048 150 2080 docens.
164 2066 208 2072 ——
224 2049 404 2091 [pepulere]
428 2051 650 2092 ‘impulerunt,
671 2054 924 2084 commoverunt!
940 2069 982 2075 -
1000 2052 1180 2094 [avertes]‘
1191 2056 1280 2096 cupi.

13 2098 124 2144 fita:
139 2103 202 2132 quo
223 2099 362 2134 tempore
384 2104 476 2125 nemo
497 2105 549 2126 eos
570 2097 831 2127 animadverteret
853 2107 910 2128 nec
928 2097 1125 2134 disturbaret,
1142 2099 1279 2138 rependo

112 2137 143 2167 ia
155 2137 261 2167 subire
275 2147 310 2167 ac
323 2144 500 2176 aperturam
515 2138 650 2178 aliquam
667 2140 841 2170 clanculum
856 2140 993 2170 intrare.’

19 2178 66 2212 ti
71 2178 247 2211 ltu—103.
273 2178 376 2220 [No-2¹]
395 2182 454 2211 dea
468 2183 580 2212 ccelum
602 2192 695 2212 curru
715 2184 904 2222 pervehitur,
927 2190 961 2213 ut
977 2184 1098 2213 Aurora
1113 2189 1143 2214 et
1158 2185 1279 2215 Sol.—

133 2224 179 2262 m]
206 2225 400 2261 scarlatto,
424 2226 636 2262 Scharlach,
661 2228 782 2262 scarlet,
808 2227 934 2256 nomine
962 2227 1041 2256 mire
1071 2236 1216 2269 corrupto
1239 2239 1279 2259 ex

15 2271 32 2302 ζ
157 2288 166 2303 ,
189 2277 252 2306 qua
277 2277 316 2297 ex
339 2267 466 2306 regione
486 2269 639 2308 optimum
664 2279 788 2300 coccum
811 2270 978 2309 (coehineal
998 2271 1106 2310 insect)
1130 2271 1280 2312 importa-

59 2310 63 2314 ’
139 2307 362 2351 -—[car1dere]
377 2311 532 2342 rarissime
553 2313 591 2343 de
613 2312 674 2343 alio
695 2323 789 2352 quam
806 2314 876 2343 albo
899 2314 1012 2351 colore,
1036 2321 1164 2355 excepto
1188 2315 1281 2352 ferro,
