1390 2586
435 99 652 128 EPISTOLA
683 99 742 128 An
775 97 977 127 PISONES.
1262 86 1344 126 103

84 202 275 253 Tibicen,
299 201 508 258 traxitque
531 216 658 258 vagus
680 216 753 257 per
773 200 934 257 pulpita
954 207 1111 242 vestem
1127 216 1138 250 ;
1256 203 1342 241 215

86 261 157 303 Sic
176 260 297 303 etiam
319 260 468 302 fidibus
488 275 609 301 voces
630 274 797 300 crevere
818 257 984 307 severis,

85 317 144 361 Et
163 318 255 361 tulit
274 317 484 374 eloquium
506 317 717 359 insolitum
738 315 929 357 facundia
950 330 1145 371 praeceps,

85 375 348 432 Utiliumque
366 390 494 432 sagax
515 390 666 424 rerum,
691 383 733 415 et
753 374 892 415 divina
914 373 1053 423 futuri,

86 433 301 490 Sortilegis
322 448 404 474 non
426 433 653 488 discrepuit
671 431 876 474 sententia
898 430 1090 486 Delphis.

142 490 335 534 Carmine
357 491 429 547 qui
452 491 608 547 tragico
629 490 750 530 vilem
774 489 945 531 certavit
965 489 1017 530 ob
1039 488 1211 538 hircum,
1257 490 1342 529 220

85 547 190 590 Mox
212 549 334 590 etiam
356 557 540 604 agrestes
565 549 734 603 Satyros
755 547 938 597 nudavit,
962 555 1004 588 et
1022 561 1143 602 asper

82 605 286 648 Incolumi
306 607 508 663 gravitate
523 606 666 662 jocum
688 605 863 646 tentavit
883 620 945 654 eo,
970 605 1080 659 quod

83 663 295 706 lllecebris
316 673 404 706 erat
425 673 468 705 et
487 672 604 720 grata
624 663 806 704 novitate
828 662 1047 703 morandus

83 722 311 778 Spectator,
335 723 584 777 functusque
605 720 728 762 sacris
750 730 791 762 et
814 730 934 775 potus
955 729 997 761 et
1018 719 1154 761 exlex.

83 776 240 820 Verum
262 780 320 822 ita
339 780 499 833 risores,
522 779 578 820 ita
599 778 887 820 commendare
909 778 1068 819 dicaces
1259 779 1343 818 225

84 835 319 880 Conveniet
341 838 524 893 Satyros,
549 836 605 878 ita
626 846 787 877 vertere
809 835 915 877 seria
938 835 1046 885 ludo,

83 893 165 944 Ne,
188 894 426 951 quicunque
451 894 582 944 Deus,
606 894 844 950 quicunque
865 893 1129 935 adhibebitur
1149 891 1284 942 heros,

85 951 237 1008 Regali
258 959 502 1008 conspectus
523 952 564 992 in
587 967 686 993 auro
708 967 841 1007 nuper
861 961 904 992 et
923 960 1047 1000 ostro,

84 1008 247 1066 Migret
266 1009 307 1051 in
329 1010 521 1052 obscuras
543 1009 687 1050 humili
708 1024 897 1050 sermone
920 1009 1132 1057 tabernam

85 1067 184 1116 Aut,
206 1067 303 1108 dum
327 1067 428 1110 vitat
449 1067 632 1116 humum,
657 1066 788 1108 nubes
809 1075 852 1108 et
873 1066 1012 1108 inania
1032 1074 1181 1122 captet.
1262 1067 1347 1107 230

84 1123 261 1166 Effutire
283 1125 394 1167 leves
415 1125 587 1182 indigna
609 1124 834 1182 Tragoedia
856 1139 1010 1174 versus,

86 1181 149 1224 Ut
169 1182 282 1224 festis
303 1192 487 1225 matrona
507 1183 661 1224 moveri
676 1183 792 1239 jussa
813 1182 972 1231 diebus,

85 1237 281 1282 Intererit
303 1241 462 1297 Satyris
483 1240 664 1296 paullum
687 1240 928 1296 pudibunda
948 1239 1162 1295 protervis.

87 1296 184 1338 Non
206 1312 284 1354 ego
306 1299 492 1340 inornata
513 1307 555 1340 et
574 1297 828 1339 dominantia
849 1298 1015 1338 nomina
1035 1296 1182 1345 solum,

91 1354 323 1411 Verbaque,
351 1356 535 1405 Pisones,
561 1356 802 1411 Satyrorum
824 1355 998 1410 scriptor
1017 1354 1187 1403 amab03
1262 1355 1346 1394 285

87 1411 180 1454 Nec
199 1412 258 1454 sic
278 1413 409 1455 enitar
431 1413 587 1468 tragico
607 1412 770 1454 differre
791 1412 938 1463 colori,

88 1468 151 1512 Ut
171 1469 273 1511 nihil
293 1470 469 1522 intersit,
494 1471 693 1512 Davusne
715 1470 907 1527 loquatur
928 1478 970 1512 et
989 1469 1124 1511 audax

87 1525 261 1583 Pythias
281 1539 475 1570 emuncto
496 1528 650 1570 lucrata
675 1528 844 1570 Simone
867 1527 1083 1577 talentum,

86 1585 156 1626 An
178 1595 313 1628 custos
333 1586 594 1642 famulusque
618 1586 702 1627 Dei
727 1586 892 1628 Silenus
912 1584 1082 1626 alumni.

87 1641 155 1683 Ex
177 1652 274 1686 noto
295 1643 433 1686 fictum
456 1660 619 1685 carmen
642 1659 804 1700 sequar,
829 1652 874 1685 ut
893 1643 971 1685 sibi
993 1642 1128 1698 quivis
1262 1644 1348 1683 240

89 1699 238 1756 Speret
258 1701 381 1752 idem,
403 1702 524 1743 sudet
544 1702 718 1743 multum
739 1702 971 1757 frustraque
995 1701 1152 1742 laboret

90 1757 228 1800 Ausus
248 1758 380 1800 idem:
414 1768 572 1801 tantum
593 1759 720 1801 series
735 1760 1015 1816 juncturaque
1037 1757 1178 1814 pollet,

88 1813 271 1857 Tantum
293 1817 344 1858 de
366 1817 502 1858 medio
522 1817 696 1874 sumptis
716 1817 874 1859 accedit
896 1817 1074 1858 lionoris.

91 1871 216 1915 Silvis
236 1873 401 1916 deducti
423 1885 606 1925 caveant,
631 1890 696 1916 me
712 1875 868 1931 judice,
895 1874 1042 1924 Fauni,

90 1929 171 1980 Ne,
194 1931 308 1973 velut
327 1931 456 1973 innati
479 1932 607 1973 triviis
627 1948 676 1974 ac
698 1948 815 1988 paene
836 1933 1033 1982 forenses,
1263 1932 1347 1971 245

87 1988 179 2030 Aut
199 1989 370 2030 nimium
394 1989 816 2046 tenerisjuvenentur
838 1990 1023 2031 versibus
1046 2002 1243 2044 unquam,

89 2045 178 2087 Aut
199 2045 411 2088 immunda
431 2058 602 2102 crepent
621 2047 978 2104 ignominiosaque
1000 2047 1131 2087 dicta:

89 2102 372 2145 Offenduntur
393 2105 517 2154 enim,
541 2105 690 2160 quibus
711 2114 774 2146 est
794 2121 926 2161 equus
948 2114 989 2146 et
1011 2114 1127 2159 pater
1148 2111 1190 2144 et
1210 2118 1289 2154 res,

90 2159 194 2211 Nec,
217 2162 250 2203 si
272 2161 371 2217 quid
395 2162 501 2203 fricti
523 2163 664 2204 ciceris
684 2163 830 2218 probat
851 2172 894 2204 et
914 2162 1030 2203 nucis
1052 2170 1226 2217 emptor,

90 2217 244 2274 AEquis
263 2219 472 2275 accipiunt
491 2220 651 2269 animis,
674 2221 880 2262 donantve
902 2219 1067 2262 corona.
1264 2221 1349 2260 250

148 2277 318 2333 Syllaba
338 2277 464 2333 longa
485 2277 599 2319 brevi
620 2277 806 2334 subjecta
827 2282 995 2319 vocatur
1017 2276 1190 2326 iambus,

94 2331 175 2376 Pes
195 2334 326 2377 citus:
358 2335 468 2377 unde
490 2335 614 2378 etiam
636 2335 830 2378 trimetris
849 2349 1081 2378 accrescere
1096 2334 1223 2391 jussit

691 2407 716 2434 r
737 2396 765 2434 4
