1390 2586
427 103 694 132 siu-manum
725 103 814 131 Lm.
838 103 890 131 11.
910 93 950 132 3.
1262 94 1321 134 33

1316 185 1325 201 Ι

61 205 235 249 Desidia
247 221 260 256 3
289 212 361 248 aut
381 205 580 262 quidquid
602 205 686 247 vita
709 204 874 246 meliore
896 204 1058 261 parasti,
1262 209 1313 248 15

62 263 306 306 Ponendum
327 278 446 319 aequo
466 263 616 306 animo,
676 262 736 304 Di
759 271 812 312 te,
838 263 1105 318 Damasippe‚
1124 263 1311 320 deaeque,

60 321 218 364 Verum
237 321 290 363 ob
310 321 522 362 consilium
545 320 699 362 donent
720 330 882 362 tonsore
900 336 908 361 :
941 321 1011 362 sed
1036 320 1143 362 unde

60 379 166 421 Tam
189 378 294 421 bene
314 393 380 420 me
401 377 538 420 nosti?
572 378 795 434 Postquam
816 378 947 419 omnis
965 394 1027 419 res
1049 394 1140 420 mea
1160 378 1311 420 Janum

59 436 129 478 Ad
149 436 331 478 medium
351 436 479 478 fracta
499 445 573 485 est,
596 435 730 477 aliena
750 436 918 492 negotia
938 451 1048 485 curo,

59 493 270 535 Excussus
291 494 477 550 propriis.
539 493 652 536 Olim
675 509 767 535 nam
790 509 974 549 quaerere
995 494 1195 545 amabam,
1257 497 1311 535 20

59 551 156 600 Quo
178 552 289 593 vafer
309 551 379 593 ille
401 551 526 608 pedes
546 550 710 593 lavisset
732 551 934 607 Sisyphus
955 566 1048 601 aere,

60 607 175 658 Quid
196 608 401 665 sculptum
423 609 593 659 infabre,
617 608 715 664 quid
737 609 871 650 fusum
893 609 1033 650 durius
1055 619 1184 651 esset:

61 666 245 709 Callidus
265 666 361 708 huic
381 667 500 723 signo
521 667 724 722 ponebam
747 667 872 708 millia
893 676 1082 708 centum:

59 723 216 766 Hortos
237 724 508 781 egregiasque
529 724 670 765 domos
690 725 907 766 mercarier
930 740 1034 766 unus

60 781 168 824 Cum
191 781 303 823 lucro
324 797 486 830 noram3
519 781 627 822 unde
650 781 882 837 frequentia
906 781 1154 824 Mercuriale
1256 786 1311 824 25

58 839 299 896 Imposuere
319 838 418 880 mihi
439 854 668 895 cognomen
690 841 880 895 compita.
945 839 1065 887 Novi,

59 897 118 940 Et
137 897 268 938 morbi
290 896 413 938 miror
433 906 652 953 purgatum
676 906 715 939 te
737 897 859 938 illius.
922 898 1054 953 Atqui

60 954 228 996 Emovit
248 962 426 996 veterem
449 955 550 996 mire
572 969 714 1004 novus,
738 964 782 996 ut
802 955 916 1005 solet,
941 955 981 996 in
1005 971 1072 997 cor

59 1012 255 1068 Trajecto
275 1012 412 1054 lateris
433 1012 570 1054 miseri
591 1013 786 1068 capitisve
808 1013 970 1061 dolore;
1257 1015 1313 1053 29

59 1069 125 1112 Ut
144 1069 392 1127 lethargicus
412 1069 478 1111 hic
498 1085 624 1126 quum
647 1070 693 1111 fit
713 1070 841 1127 pugil,
867 1079 908 1112 et
930 1071 1132 1111 medicum
1157 1078 1290 1126 urget.

58 1127 176 1170 Dum
197 1143 249 1169 ne
270 1127 369 1184 quid
389 1127 521 1169 simile
544 1127 650 1178 huic,
671 1136 757 1170 esto
778 1136 824 1170 ut
845 1128 956 1170 libet.
991 1128 1031 1170 O
1056 1130 1173 1179 bone,
1198 1143 1249 1169 ne
1272 1138 1313 1170 te

61 1185 298 1234 Frustrere3
329 1185 481 1227 insanis
502 1194 544 1226 et
565 1195 610 1227 tu
629 1186 826 1242 stultique
849 1201 976 1242 prope
998 1202 1153 1236 omnes,

62 1243 108 1285 Si
128 1243 227 1299 quid
251 1243 472 1285 Stertinius
494 1243 579 1284 veri
601 1252 752 1299 crepat,
779 1244 885 1285 unde
908 1260 986 1300 ego
1008 1244 1110 1285 mira

60 1299 274 1357 Descripsi
294 1301 436 1343 docilis
457 1310 662 1356 praecepta
682 1301 780 1351 haec,
805 1310 990 1357 tempore
1015 1318 1097 1358 quo
1119 1317 1184 1343 me

62 1358 224 1400 Solatus
239 1359 363 1415 jussit
383 1359 610 1414 sapientem
632 1374 797 1414 pascere
820 1359 998 1409 barbam,
1258 1364 1313 1402 35

60 1417 203 1472 Atque
223 1431 247 1457 a
270 1415 458 1458 Fabricio
479 1431 560 1457 non
584 1416 740 1458 tristem
762 1426 887 1472 ponte
909 1417 1071 1459 reverti.

60 1473 169 1516 Nam
191 1473 295 1515 male
317 1489 359 1516 re
380 1475 511 1530 gesta,
535 1489 662 1531 quum
684 1474 832 1516 vellem
855 1475 1016 1516 mittere
1038 1483 1182 1530 operto

61 1530 140 1574 Me
161 1531 294 1587 capit-e
316 1531 356 1572 in
382 1532 546 1581 flumen,
569 1532 714 1573 dexter
734 1532 860 1582 stetit,
885 1542 938 1582 et,
960 1533 1073 1574 Cave
1096 1533 1200 1574 faxis

45 1587 128 1631 .Te
162 1589 386 1646 quidquam
425 1589 666 1646 indignum:
710 1589 841 1646 pudor
885 1590 1056 1646 (inquit)
1101 1601 1141 1633 te
1182 1590 1312 1633 malus

171 1662 222 1689 an
256 1647 301 1697 it,

61 1663 324 1761 Insanosgqui
347 1705 453 1746 inter
474 1720 638 1746 vereare
660 1705 826 1747 insanus
847 1705 999 1747 haberi.
1259 1710 1314 1748 40

63 1761 248 1804 Primum
265 1778 357 1804 nam
375 1762 591 1818 inquiram,
607 1762 706 1819 quid
727 1763 779 1805 sit
799 1764 958 1813 furere3
982 1764 1056 1805 hoc
1069 1764 1101 1805 si
1119 1764 1196 1806 erit
1213 1764 1254 1805 in
1273 1772 1313 1806 te

63 1819 174 1870 Solo,
197 1820 256 1861 nil
276 1819 402 1870 verbi,
424 1835 565 1875 pereas
586 1820 686 1876 quin
709 1821 879 1870 fortiter,
902 1822 1060 1863 addam.

62 1876 200 1926 Quem
221 1877 327 1920 mala
345 1877 530 1927 stultitia,
553 1886 596 1919 et
615 1893 905 1935 quemcunque
927 1880 1086 1921 inscitia
1108 1880 1195 1921 veri

63 1934 230 1977 Caecum
251 1935 350 1992 agit,
372 1935 560 1976 insanum
584 1936 807 1994 Chrysippi
829 1937 1009 1993 porticus
1031 1946 1072 1979 et
1091 1953 1195 1994 grex

63 1992 277 2035 Autumat.
359 1992 463 2034 Haec
516 1994 702 2049 populos,
767 1994 855 2037 haec
909 2010 1080 2052 magnos
1142 1994 1316 2036 formula

175 2065 308 2108 reges,
1260 2057 1314 2093 45

63 2106 253 2164 Excepto
273 2107 472 2164 sapiente,
497 2116 621 2151 tenet.
684 2108 724 2150 N
730 2125 807 2151 unc
827 2109 980 2166 accipe,
1005 2125 1130 2165 quare

61 2163 285 2221 Desipiant
305 2181 446 2207 omnes
466 2181 584 2222 aeque
604 2182 652 2208 ac
672 2174 730 2217 tu,
754 2167 825 2223 qui
847 2168 918 2209 tibi
942 2171 1091 2208 nornen

23 2270 26 2271 ⁷
63 2221 216 2264 Insano
235 2238 420 2280 posuere.
483 2224 612 2266 Velut
632 2224 756 2275 silvis,
780 2225 847 2266 ubi
872 2225 1019 2280 passim

20 2285 34 2293 ⁹
65 2279 258 2323 Palantes
279 2296 389 2322 error
411 2288 522 2323 certo
545 2281 595 2323 de
618 2282 780 2324 tramite
802 2283 932 2339 pellit,

65 2336 144 2380 Ille
159 2338 446 2392 sinistrorsum,
471 2339 536 2382 hic
552 2339 810 2382 dextrorsum
825 2341 933 2391 abit;
959 2355 1062 2382 unus
1078 2340 1243 2398 utrique
1265 2344 1320 2383 50

690 2411 713 2439 c
735 2401 760 2438 5
