1390 2586
8 58 12 60 ἡ
40 0 129 170 {a
142 87 169 111 ι.
186 76 255 120 ia]
499 72 874 107 ιΝΤΕιιΡιιΕτΛιιο.
1225 74 1309 118 225

42 176 232 218 ἱὸιῑιίιιιιιιις
269 187 377 209 verum
405 176 510 216 exigui
539 186 614 207 sane
640 181 687 207 est
714 176 843 212 reditas,
872 175 950 206 mihi
979 183 1083 206 tamen
1112 176 1305 207 carissimum

115 229 184 263 pter
201 223 296 252 situm
317 230 483 251 amoenum.
486 220 724 260 '-0pulentare
738 229 794 259 pro
809 220 1022 259 ‘locupletare‚
1039 219 1151 250 ditare’
1169 220 1304 258 primum

42 267 143 308 <apud
159 265 324 296 Horatium
339 263 501 304 reperitur.
515 280 559 285 —-
575 262 703 304 [vitibus
723 260 817 303 ulmo]
842 262 997 302 Singulari
1021 268 1085 293 arte
1108 262 1157 304 τῷ
1178 261 1302 304 α’κύρῳ,

42 306 147 355 {guni
167 310 264 340 ulmus
284 309 393 338 herum
413 312 561 346 pasceret,
578 317 640 337 non
654 308 734 344 vitis,
748 316 822 336 usus
837 311 892 343 est,
908 312 942 336 ut
957 307 989 336 in
1011 308 1132 341 summa
1154 308 1303 337 sermonis

44 351 139 392 {timp
139 352 254 382 licitate
267 356 358 391 poeta
372 356 476 381 tamen
491 355 639 380 maneret.

42 406 62 430 ι
100 394 195 431 5-7.
220 393 380 435 [Continui
402 391 529 434 montes]
565 397 731 433 ‘perpetuo
754 393 844 422 dorso
868 392 950 422 inter
973 403 1005 423 se
1026 393 1126 432 juncti
1153 393 1212 423 nisi
1238 394 1302 424 dis—

0 431 2 480 i
44 428 248 474 meritur
261 438 341 468 valle
355 438 487 475 angusta
509 443 540 466 et
562 442 723 476 propterea
744 438 838 476 opaca
860 441 983 475 propter
1004 437 1156 466 montium
1179 439 1302 467 umbras

0 481 1 497 ἶ
44 490 200 523 >api-ope
215 481 397 520 tangentes!
443 481 493 510 Ex
509 480 638 510 Sickleri
654 479 857 518 descriptione
873 485 919 509 est
933 490 1020 509 mons
1038 480 1175 516 Ustica,'
1168 489 1200 509 ιιι
1216 482 1303 520 cujus

46 523 212 565 iudicibus
230 525 303 554 villa
317 523 438 554 Horatii
453 523 512 553 sita
526 529 602 560 erat,
617 529 648 554 et
662 523 740 553 alter
754 523 860 558 clivus,
876 523 908 552 in
924 533 984 562 quo
1001 523 1134 553 Vacunae
1152 524 1303 563 templum

44 573 136 606 aaut,
158 568 250 598 hodie
274 569 374 598 Roccu
399 567 538 602 Giovin23
564 567 649 596 vallis
675 571 778 596 autem
802 566 883 596 inter
906 572 1071 605 utrumque
1098 573 1234 596 montem
1257 573 1305 598 est

46 611 147 643 -nnllis
169 611 335 651 Digentiae,
351 611 443 641 hodie
465 611 522 640 Vol
535 611 568 640 di
582 611 726 646 Licenza,
751 619 819 648 quae
842 610 994 639 clauditur
1019 610 1174 646 Lucretili,
1199 611 1302 641 Monte

43 664 57 686 ι
167 665 210 685 νο.
256 655 352 684 Totus
366 659 471 684 autem
485 658 599 684 tractus
614 653 653 689 ei,
668 653 721 692 qui
738 663 755 682 a
772 653 887 682 Tibure
902 653 952 683 via
968 653 1091 683 Valeria
1106 663 1161 692 per
1178 654 1303 684 Variam

43 696 238 749 firmavero)
267 704 298 727 et
329 698 508 727 Mandelam
538 694 707 737 (Bandela)
736 696 846 726 vallem
875 696 959 726 illam
995 696 1236 735 ingrediebatur,
1265 698 1304 727 ab

45 741 178 775 *triente
200 743 240 772 ad
261 741 451 771 occidentem
473 749 598 778 vergere
620 739 791 776 videbatur,
815 739 859 769 ita
883 745 918 769 ut
940 740 984 769 sol
1009 750 1099 770 mane
1123 740 1216 770 radiis
1239 741 1302 770 col-

43 781 205 816 lustraret
223 784 341 814 Horatii
357 784 498 819 fundum,
510 785 566 813 sub
582 792 740 822 vesperam
756 782 914 812 sinistrum
928 783 1018 820 latus,
1032 783 1144 813 clivum
1158 784 1302 814 Vacunae.

0 855 1 858 ,
42 826 180 862 ’011οάΒί
195 827 264 867 quis
281 827 466 858 Lucretilem
481 826 584 856 enisus
599 826 631 855 in
647 831 746 865 poetae
767 826 917 865 praedium
940 827 1147 863 descenderet,
1163 827 1250 856 vallis
1266 829 1304 857 ab

39 857 218 905 {occidente
229 871 267 900 ad
283 871 433 900 orientem
448 869 573 900 extendi
589 869 759 900 videbatur.
773 886 816 891 —
828 867 980 909 [vaporet]
1004 871 1011 886 ‘
1026 879 1136 910 vapore
1152 870 1304 908 obducat,’

38 935 48 943 =.
59 919 97 945 ut
109 914 146 945 fit
158 914 278 954 vesperi
294 915 350 944 sub
365 914 442 944 coelo
456 913 469 943 Ι
473 913 572 943 talico.

103 957 217 989 8-11,
242 956 351 998 [Quid‚
372 955 416 996 εἰ]
441 956 547 989 ‘Quid
569 956 663 995 dices,
684 956 709 986 si
732 956 788 986 tibi
807 956 937 986 scribam
959 966 1068 996 vepres
1090 956 1168 986 ferre
1191 956 1305 992 corna,'

35 1014 38 1035 j
59 1001 116 1032 &a
161 1001 272 1031 Facete
295 1010 368 1030 sane
392 1001 430 1030 de
450 1000 550 1030 cornis
570 1005 601 1029 et
647 999 742 1037 runis,
763 1005 921 1038 tamquam
938 1000 975 1029 de
996 1000 1145 1030 fructibus
1159 1001 1305 1041 perbonis

43 1048 96 1078 {ue
115 1044 213 1083 grati
218 1044 334 1084 saporis
357 1045 450 1074 verba
471 1043 552 1073 facit.
567 1059 610 1064 —
641 1041 775 1083 benigni]
800 1044 807 1058 ‘
821 1043 928 1081 largiz’
952 1043 1004 1073 alii
1030 1045 1173 1084 benignae,
1201 1049 1236 1074 ut
1258 1049 1307 1074 est

36 1086 132 1131 ἰςοιι.
155 1086 228 1118 fem.
255 1087 376 1118 Lucret.
403 1086 434 1123 4,
453 1086 505 1117 60.
541 1086 694 1126 Vepribus
718 1086 792 1126 ipsis
816 1086 895 1116 hanc
917 1087 1091 1125 largitatem
1115 1087 1207 1116 tribui
1231 1096 1305 1117 sane

38 1129 316 1174 ,Jwtnnaechrcpov
341 1136 388 1160 est
413 1140 506 1168 quam
535 1130 573 1159 al.
597 1131 731 1170 benigne.
746 1145 789 1151 -
806 1127 940 1170 [vepres]
983 1130 1094 1169 partim
1124 1136 1232 1169 sponte
1262 1130 1306 1160 ibi

37 1170 45 1175 ⁴
45 1179 238 1210 crescentes,
253 1173 365 1214 partim
380 1173 508 1213 saepium
523 1174 663 1202 vivarum
687 1171 770 1212 (quae
790 1173 978 1203 structilibus
997 1179 1028 1203 et
1050 1173 1189 1203 maceriis
1209 1183 1306 1213 oppo-

46 1223 178 1248 unntur
186 1216 211 1257 t)
230 1218 295 1247 loco
311 1218 464 1257 plantatae.
475 1233 518 1238 —
530 1214 657 1256 [fruge]
680 1226 736 1255 pro
752 1216 892 1252 ‘’fructu,
907 1217 1079 1255 glandibus,
1096 1217 1207 1256 quibus
1222 1217 1307 1257 porci

46 1262 272 1301 pascebantur.
283 1277 324 1283 —
341 1257 542 1300 [Tarentum]
575 1261 662 1299 cujus
691 1258 767 1290 situs
793 1265 839 1289 est
864 1269 1012 1299 perquam
1043 1270 1191 1291 amoenus.
1239 1261 1307 1291 l-loc

42 1302 155 1346 ,igitur
169 1303 263 1334 dicit:
287 1306 295 1320 ‘
310 1304 478 1334 Tarentum
494 1303 554 1333 huc
570 1304 712 1333 tralatum
727 1303 830 1333 dicas!

105 1347 238 1379 12—13.
266 1345 378 1387 [Fons]
418 1346 548 1376 Fontem
577 1346 660 1376 hunc
692 1346 879 1376 Bandusiam
916 1347 1006 1385 vulgo
1043 1347 1218 1386 appellant;
1255 1347 1308 1378 alii

41 1390 173 1421 erectius
192 1391 308 1421 fontem
333 1399 455 1429 quoque
480 1395 515 1420 ut
537 1389 637 1419 rivum
662 1389 815 1428 Digentiae
838 1399 950 1419 nomen
974 1390 1116 1420 habuisse
1131 1396 1248 1420 rentur.
1263 1406 1308 1414 -—

43 1429 152 1474 §filare
165 1432 305 1473 idoneus]
329 1431 443 1469 ἱκανὸς
458 1429 583 1468 δοῦναι,
598 1433 630 1462 id
653 1439 708 1468 est,
733 1433 828 1462 ‘adeo
844 1442 925 1471 aqua
941 1434 1112 1470 abundans,
1135 1440 1169 1463 ut
1185 1440 1215 1463 et
1229 1433 1307 1464 fonti

31 1481 95 1514 ξι(
106 1477 181 1514 rivo,
197 1477 250 1516 qui
267 1487 306 1507 ex
321 1486 358 1507 eo
372 1477 507 1516 profluit,
522 1477 679 1516 proprium
697 1476 851 1515 Digentiae
867 1486 979 1506 nomen
995 1476 1158 1506 inditum<
1145 1477 1193 1511 sit,
1209 1487 1306 1516 quum

31 1518 195 1564 minores
223 1521 282 1550 rivi
310 1520 435 1560 proprio
473 1519 597 1550 nomine
627 1527 730 1550 carere
760 1520 897 1549 soleant.
913 1536 957 1541 —
974 1517 1129 1560 [Hebrus]
1167 1521 1308 1551 Venusta

33 1550 232 1611 «Ἓῃιεῐδοίιι
263 1563 444 1602 Digentiam
474 1573 543 1592 cum
571 1563 677 1592 Hebro
702 1572 792 1592 amne
818 1573 898 1602 saepe
925 1572 943 1592 a
967 1563 1065 1602 poetis
1094 1563 1126 1592 in
1151 1565 1242 1594 rebus
1266 1564 1307 1594 ad

35 1602 208 1645 ,Liberum
224 1613 342 1647 patrem
358 1607 567 1646 spectantibus
582 1606 735 1636 celebrato
750 1611 914 1645 comparat.

18 1647 21 1650 ¹
43 1646 53 1680 ’-
106 1648 404 1691 15‚16.[late1›rae]
429 1651 437 1666 ⁸
451 1650 508 1680 Hae
523 1649 705 1679 solitudines
719 1650 821 1679 dulces
836 1649 947 1685 mihis
939 1659 1044 1686 immo,
1059 1654 1094 1679 ut
1108 1650 1176 1689 plus
1193 1650 1304 1688 dicam,

34 1672 157 1725 esan:
165 1704 298 1730 amoenae,
320 1694 352 1724 id
375 1698 431 1743 est,
453 1694 501 1723 vel
524 1693 610 1729 tales,
634 1698 669 1722 ut
691 1698 724 1722 tu
746 1703 868 1732 quoque
893 1698 924 1722 et
947 1693 1046 1731 quivis
1070 1693 1147 1723 alius
1168 1703 1304 1724 amoenas

41 1743 128 1769 fitne
141 1738 360 1772 concederetis,
375 1737 401 1767 si
416 1737 498 1776 apud
513 1746 563 1766 me
579 1737 695 1771 essetis,
710 1737 786 1766 illud
802 1742 873 1766 ante
889 1737 992 1766 omnia
1006 1736 1082 1766 mihi
1104 1739 1253 1776 praebent,
1270 1743 1305 1768 ut

139 1785 186 1810 ter
211 1781 322 1811 coelum
347 1781 469 1810 salubre
493 1786 525 1809 et
550 1789 662 1819 aquam
687 1779 882 1819 purissimam
904 1779 997 1809 etiam
1022 1780 1202 1818 gravissimo
1230 1781 1305 1811 anni

47 1824 198 1863 ‘tempore
225 1822 551 1863 (letifero-autumnm
578 1824 648 1853 JuV.
671 1823 700 1860 4,
724 1822 791 1862 56),
816 1823 864 1853 hic
890 1824 968 1852 bene
994 1824 1132 1859 valeam;
1164 1824 1195 1853 id
1222 1825 1306 1862 quod

60 1865 119 1899 fibi
131 1872 254 1906 gratum
269 1867 333 1897 fore
347 1866 488 1897 confido)
503 1883 546 1888 —-
563 1865 605 1907 [si
618 1864 734 1906 credis]
760 1867 869 1896 Facete
891 1866 1045 1905 significat
1067 1847 1133 1896 fieri
1155 1877 1254 1906 posse,
1271 1873 1306 1897 ut

31 1942 35 1943 ⁷
113 1910 153 1940 de
164 1919 198 1940 re
213 1911 333 1940 dubitet
347 1909 473 1940 amicus.
489 1925 532 1931 —
548 1907 730 1949 [praestant]
756 1910 764 1925 ‘
774 1910 910 1939 servant'
927 1909 1028 1948 potius
1044 1920 1137 1948 quam
1153 1913 1160 1926 ‘
1172 1911 1304 1941 sistunt)

32 1960 51 1990 ’,
62 1947 114 1985 ¹1
124 1953 308 1992 significatio
322 1954 373 1983 hic
387 1954 488 1983 locum
508 1952 611 1990 habet,
633 1962 671 1982 ex
687 1954 750 1991 qua
767 1958 915 1992 proestare
930 1963 1011 1992 saepe
1027 1959 1072 1983 est
1088 1958 1116 1983 to
1129 1958 1305 1993 guarantee.

119 1993 374 2037 [Septembribus]
409 1996 470 2026 Cfr.
496 1996 558 2026 Sat.
578 1997 608 2033 2,
629 1995 659 2034 6,
683 1996 731 2032 19,
758 1997 1001 2036 Auctumnusque
1022 1999 1136 2036 gravis,
1162 1997 1307 2029 Libitina:

125 2044 190 2071 stus
202 2042 326 2071 acerbae.

66 2095 78 2114 ·.
92 2081 156 2119 ,17.
180 2081 246 2124 [Tu
257 2081 353 2123 recte]
376 2082 387 2099 ‘
398 2083 476 2122 Ego,
494 2087 528 2112 ut
541 2082 688 2122 perspicis
702 2092 741 2112 ex
756 2082 814 2119 his,
830 2092 899 2121 quae
915 2082 971 2112 tibi
986 2083 1101 2122 scripsi,
1117 2093 1166 2113 me
1182 2085 1307 2115 beatum

141 2126 241 2163 duco;
265 2127 407 2156 similiter
431 2131 461 2156 te
485 2126 566 2155 cives
588 2125 633 2155 tui
655 2127 780 2156 beatum
801 2127 980 2165 praedicant.
1025 2128 1095 2159 Quo
1112 2127 1208 2166 magis
1222 2137 1305 2166 cave,

70 2167 75 2170 ⁴
129 2169 292 2209 decipiaris
317 2170 447 2199 externa
471 2178 575 2199 rerum
600 2169 703 2208 specie
729 2179 791 2199 neu
816 2175 846 2199 te
871 2175 1079 2199 transversum
1104 2177 1198 2209 agant
1221 2172 1306 2211 vulgi

80 2216 83 2217 ’
118 2211 176 2244 'cin
204 2223 341 2252 persaepe
371 2212 500 2249 fallacia,
526 2212 604 2242 adeo
627 2218 662 2242 ut
691 2212 829 2251 negligas
852 2212 1011 2252 proprium
1040 2214 1175 2244 studium
1202 2224 1306 2245 veram

134 2255 297 2292 ‘tudinem,
313 2266 382 2294 quae
397 2255 486 2285 unice
501 2255 534 2285 in
550 2260 645 2285 temet
666 2255 734 2294 ipso
757 2256 815 2285 sita
835 2261 891 2292 est,
915 2264 946 2285 et
968 2256 1157 2295 adipiscendi
1179 2263 1211 2288 et
1232 2268 1306 2288 con-

133 2299 228 2330 andi:
243 2316 286 2322 —
303 2296 426 2339 [audis]
451 2298 578 2329 'diceris
602 2298 687 2334 esse,’
709 2304 744 2328 ut
766 2297 885 2338 κλύεις,
899 2296 1038 2336 ἀκούεις.
1082 2302 1101 2317 “
1114 2301 1180 2331 Hoc
1204 2307 1308 2332 autem
