<?xml version="1.0" encoding="UTF-8"?>
<!DOCTYPE html PUBLIC "-//W3C//DTD XHTML 1.0 Transitional//EN"
    "http://www.w3.org/TR/xhtml1/DTD/xhtml1-transitional.dtd">
<html xmlns="http://www.w3.org/1999/xhtml" xml:lang="en" lang="en">
 <head>
  <title>
</title>
<meta http-equiv="Content-Type" content="text/html;charset=utf-8" />
  <meta name='ocr-system' content='tesseract 3.04.00' />
  <meta name='ocr-capabilities' content='ocr_page ocr_carea ocr_par ocr_line ocrx_word'/>
</head>
<body>
  <div class='ocr_page' id='page_1' title='image "./eclogaehoratiana02horauoft_0043.png"; bbox 0 0 1390 2586; ppageno 0'>
   <div class='ocr_carea' id='block_1_1' title="bbox 414 99 1301 140">
    <p class='ocr_par' dir='ltr' id='par_1_1' title="bbox 414 99 1301 140">
     <span class='ocr_line' id='line_1_1' title="bbox 414 99 1301 140; baseline -0.001 -1"><span class='ocrx_word' id='word_1_1' title='bbox 414 108 680 139; x_wconf 65' lang='lat' dir='ltr'>summum</span> <span class='ocrx_word' id='word_1_2' title='bbox 710 108 800 136; x_wconf 78' lang='lat' dir='ltr'>Lm.</span> <span class='ocrx_word' id='word_1_3' title='bbox 824 102 873 137; x_wconf 78' lang='grc' dir='ltr'>Π.</span> <span class='ocrx_word' id='word_1_4' title='bbox 895 99 935 138; x_wconf 84' lang='grc'>3.</span> <span class='ocrx_word' id='word_1_5' title='bbox 1247 101 1301 140; x_wconf 82' lang='grc'>35</span> 
     </span>
    </p>
   </div>
   <div class='ocr_carea' id='block_1_2' title="bbox 10 210 1300 2342">
    <p class='ocr_par' dir='ltr' id='par_1_2' title="bbox 10 210 1300 2342">
     <span class='ocr_line' id='line_1_2' title="bbox 53 210 1193 267; baseline -0.004 -10"><span class='ocrx_word' id='word_1_6' title='bbox 53 214 136 258; x_wconf 87' lang='lat' dir='ltr'>Seu</span> <span class='ocrx_word' id='word_1_7' title='bbox 156 220 266 256; x_wconf 89' lang='lat' dir='ltr'>recte</span> <span class='ocrx_word' id='word_1_8' title='bbox 286 211 364 254; x_wconf 87' lang='lat' dir='ltr'>hoc</span> <span class='ocrx_word' id='word_1_9' title='bbox 384 211 515 259; x_wconf 84' lang='lat' dir='ltr'>volui3</span> <span class='ocrx_word' id='word_1_10' title='bbox 546 225 600 252; x_wconf 92' lang='lat' dir='ltr'>ne</span> <span class='ocrx_word' id='word_1_11' title='bbox 620 210 675 252; x_wconf 85' lang='lat' dir='ltr'>sis</span> <span class='ocrx_word' id='word_1_12' title='bbox 694 218 862 267; x_wconf 81' lang='lat' dir='ltr'>patruus</span> <span class='ocrx_word' id='word_1_13' title='bbox 883 210 994 252; x_wconf 89' lang='lat' dir='ltr'>mihi.</span> <span class='ocrx_word' id='word_1_14' title='bbox 1057 210 1193 253; x_wconf 81' lang='lat' dir='ltr'>Credo</span> 
     </span>
     <span class='ocr_line' id='line_1_3' title="bbox 52 267 1272 326; baseline -0.003 -11"><span class='ocrx_word' id='word_1_15' title='bbox 52 271 148 314; x_wconf 84' lang='lat' dir='ltr'>Hoc</span> <span class='ocrx_word' id='word_1_16' title='bbox 169 269 328 314; x_wconf 83' lang='lat' dir='ltr'>Staberi</span> <span class='ocrx_word' id='word_1_17' title='bbox 347 269 590 325; x_wconf 83' lang='lat' dir='ltr'>prudentem</span> <span class='ocrx_word' id='word_1_18' title='bbox 611 269 791 309; x_wconf 87' lang='lat' dir='ltr'>animum</span> <span class='ocrx_word' id='word_1_19' title='bbox 816 268 974 309; x_wconf 87' lang='lat' dir='ltr'>vidisse.</span> <span class='ocrx_word' id='word_1_20' title='bbox 1036 267 1152 318; x_wconf 85' lang='lat' dir='ltr'>Quid</span> <span class='ocrx_word' id='word_1_21' title='bbox 1174 285 1272 326; x_wconf 85' lang='lat' dir='ltr'>ergo</span> 
     </span>
     <span class='ocr_line' id='line_1_4' title="bbox 53 326 1296 384; baseline -0.004 -13"><span class='ocrx_word' id='word_1_22' title='bbox 53 328 202 378; x_wconf 87' lang='lat' dir='ltr'>Sensit,</span> <span class='ocrx_word' id='word_1_23' title='bbox 225 342 350 384; x_wconf 91' lang='lat' dir='ltr'>quum</span> <span class='ocrx_word' id='word_1_24' title='bbox 371 341 569 368; x_wconf 89' lang='lat' dir='ltr'>summam</span> <span class='ocrx_word' id='word_1_25' title='bbox 592 326 808 382; x_wconf 82' lang='lat' dir='ltr'>patrimoni</span> <span class='ocrx_word' id='word_1_26' title='bbox 829 326 1058 381; x_wconf 85' lang='lat' dir='ltr'>insculpere</span> <span class='ocrx_word' id='word_1_27' title='bbox 1079 342 1176 368; x_wconf 86' lang='lat' dir='ltr'>saxo</span> <span class='ocrx_word' id='word_1_28' title='bbox 1244 333 1296 367; x_wconf 76' lang='grc'>90</span> 
     </span>
     <span class='ocr_line' id='line_1_5' title="bbox 45 383 1300 439; baseline -0.003 -9"><span class='ocrx_word' id='word_1_29' title='bbox 45 385 248 431; x_wconf 84' lang='lat' dir='ltr'>Haeredes</span> <span class='ocrx_word' id='word_1_30' title='bbox 268 383 430 428; x_wconf 81' lang='lat' dir='ltr'>voluit?</span> <span class='ocrx_word' id='word_1_31' title='bbox 490 384 638 433; x_wconf 83' lang='lat' dir='ltr'>Quoad</span> <span class='ocrx_word' id='word_1_32' title='bbox 660 384 775 433; x_wconf 82' lang='lat' dir='ltr'>vixit,</span> <span class='ocrx_word' id='word_1_33' title='bbox 798 383 968 426; x_wconf 84' lang='lat' dir='ltr'>credidit</span> <span class='ocrx_word' id='word_1_34' title='bbox 988 384 1135 439; x_wconf 82' lang='lat' dir='ltr'>ingens</span> <span class='ocrx_word' id='word_1_35' title='bbox 1296 395 1300 400; x_wconf 79' lang='grc'><em>’</em></span> 
     </span>
     <span class='ocr_line' id='line_1_6' title="bbox 42 441 1109 500; baseline -0.003 -14"><span class='ocrx_word' id='word_1_36' title='bbox 42 443 294 500; x_wconf 62' lang='grc' dir='ltr'>Ῥαυρει-ἰρηι</span> <span class='ocrx_word' id='word_1_37' title='bbox 316 442 473 490; x_wconf 90' lang='lat' dir='ltr'>vitium,</span> <span class='ocrx_word' id='word_1_38' title='bbox 496 452 538 484; x_wconf 92' lang='lat' dir='ltr'>et</span> <span class='ocrx_word' id='word_1_39' title='bbox 558 441 666 483; x_wconf 87' lang='lat' dir='ltr'>cavit</span> <span class='ocrx_word' id='word_1_40' title='bbox 685 441 785 482; x_wconf 89' lang='lat' dir='ltr'>nihil</span> <span class='ocrx_word' id='word_1_41' title='bbox 805 442 961 489; x_wconf 82' lang='lat' dir='ltr'>acrius3</span> <span class='ocrx_word' id='word_1_42' title='bbox 994 452 1052 491; x_wconf 85' lang='lat' dir='ltr'>ut,</span> <span class='ocrx_word' id='word_1_43' title='bbox 1075 443 1109 483; x_wconf 89' lang='lat' dir='ltr'>si</span> 
     </span>
     <span class='ocr_line' id='line_1_7' title="bbox 46 499 1079 555; baseline -0.004 -11"><span class='ocrx_word' id='word_1_44' title='bbox 46 503 169 544; x_wconf 85' lang='lat' dir='ltr'><strong>Forte</strong></span> <span class='ocrx_word' id='word_1_45' title='bbox 189 501 324 542; x_wconf 90' lang='lat' dir='ltr'>minus</span> <span class='ocrx_word' id='word_1_46' title='bbox 343 500 526 555; x_wconf 89' lang='lat' dir='ltr'>locuples</span> <span class='ocrx_word' id='word_1_47' title='bbox 549 514 628 540; x_wconf 91' lang='lat' dir='ltr'>uno</span> <span class='ocrx_word' id='word_1_48' title='bbox 649 499 872 555; x_wconf 77' lang='lat' dir='ltr'>quadrante</span> <span class='ocrx_word' id='word_1_49' title='bbox 895 500 1079 555; x_wconf 85' lang='lat' dir='ltr'>perisset,</span> 
     </span>
     <span class='ocr_line' id='line_1_8' title="bbox 45 557 1073 656; baseline -0.003 -56"><span class='ocrx_word' id='word_1_50' title='bbox 45 557 143 656; x_wconf 40' lang='lat' dir='ltr'>&amp;se</span> <span class='ocrx_word' id='word_1_51' title='bbox 164 558 370 600; x_wconf 89' lang='lat' dir='ltr'>videretur</span> <span class='ocrx_word' id='word_1_52' title='bbox 390 557 467 599; x_wconf 93' lang='lat' dir='ltr'>sibi</span> <span class='ocrx_word' id='word_1_53' title='bbox 487 557 682 612; x_wconf 87' lang='lat' dir='ltr'>nequior:</span> <span class='ocrx_word' id='word_1_54' title='bbox 715 557 846 598; x_wconf 88' lang='lat' dir='ltr'>omnis</span> <span class='ocrx_word' id='word_1_55' title='bbox 867 557 974 598; x_wconf 89' lang='lat' dir='ltr'>enim</span> <span class='ocrx_word' id='word_1_56' title='bbox 997 573 1073 606; x_wconf 84' lang='lat' dir='ltr'>res,</span> 
     </span>
     <span class='ocr_line' id='line_1_9' title="bbox 87 614 1290 670; baseline -0.002 -12"><span class='ocrx_word' id='word_1_57' title='bbox 87 616 200 666; x_wconf 89' lang='lat' dir='ltr'>irtus,</span> <span class='ocrx_word' id='word_1_58' title='bbox 223 616 342 665; x_wconf 84' lang='lat' dir='ltr'>fama,</span> <span class='ocrx_word' id='word_1_59' title='bbox 365 615 501 665; x_wconf 91' lang='lat' dir='ltr'>decus,</span> <span class='ocrx_word' id='word_1_60' title='bbox 524 614 662 656; x_wconf 85' lang='lat' dir='ltr'>divina</span> <span class='ocrx_word' id='word_1_61' title='bbox 681 614 938 670; x_wconf 85' lang='lat' dir='ltr'>humanaque</span> <span class='ocrx_word' id='word_1_62' title='bbox 960 615 1139 670; x_wconf 85' lang='lat' dir='ltr'>pulchris</span> <span class='ocrx_word' id='word_1_63' title='bbox 1238 619 1290 656; x_wconf 83' lang='lat'>95</span> 
     </span>
     <span class='ocr_line' id='line_1_10' title="bbox 43 672 1030 730; baseline -0.003 -14"><span class='ocrx_word' id='word_1_64' title='bbox 43 672 216 716; x_wconf 85' lang='lat' dir='ltr'>Divitiis</span> <span class='ocrx_word' id='word_1_65' title='bbox 237 681 407 730; x_wconf 83' lang='lat' dir='ltr'>parent3</span> <span class='ocrx_word' id='word_1_66' title='bbox 440 687 539 728; x_wconf 90' lang='lat' dir='ltr'>quas</span> <span class='ocrx_word' id='word_1_67' title='bbox 560 673 631 728; x_wconf 90' lang='lat' dir='ltr'>qui</span> <span class='ocrx_word' id='word_1_68' title='bbox 654 673 938 722; x_wconf 83' lang='lat' dir='ltr'>construxerit,</span> <span class='ocrx_word' id='word_1_69' title='bbox 962 673 1030 713; x_wconf 83' lang='lat' dir='ltr'>ille</span> 
     </span>
     <span class='ocr_line' id='line_1_11' title="bbox 46 729 1275 786; baseline -0.001 -13"><span class='ocrx_word' id='word_1_70' title='bbox 46 730 192 773; x_wconf 85' lang='lat' dir='ltr'>Clarus</span> <span class='ocrx_word' id='word_1_71' title='bbox 213 732 303 780; x_wconf 85' lang='lat' dir='ltr'>erit,</span> <span class='ocrx_word' id='word_1_72' title='bbox 324 731 451 779; x_wconf 87' lang='lat' dir='ltr'>fortis,</span> <span class='ocrx_word' id='word_1_73' title='bbox 467 730 616 786; x_wconf 78' lang='lat' dir='ltr'>justus·</span> <span class='ocrx_word' id='word_1_74' title='bbox 658 730 916 785; x_wconf 80' lang='lat' dir='ltr'>Sapiensne?</span> <span class='ocrx_word' id='word_1_75' title='bbox 954 729 1103 780; x_wconf 86' lang='lat' dir='ltr'>Etiam,</span> <span class='ocrx_word' id='word_1_76' title='bbox 1128 738 1170 772; x_wconf 88' lang='lat' dir='ltr'>et</span> <span class='ocrx_word' id='word_1_77' title='bbox 1191 746 1275 779; x_wconf 80' lang='lat' dir='ltr'>rex,</span> 
     </span>
     <span class='ocr_line' id='line_1_12' title="bbox 46 787 1177 845; baseline -0.001 -15"><span class='ocrx_word' id='word_1_78' title='bbox 46 787 103 830; x_wconf 84' lang='lat' dir='ltr'>Et</span> <span class='ocrx_word' id='word_1_79' title='bbox 122 788 323 845; x_wconf 91' lang='lat' dir='ltr'>quidquid</span> <span class='ocrx_word' id='word_1_80' title='bbox 342 788 464 830; x_wconf 85' lang='lat' dir='ltr'>volet.</span> <span class='ocrx_word' id='word_1_81' title='bbox 526 787 634 837; x_wconf 87' lang='lat' dir='ltr'>Hoc,</span> <span class='ocrx_word' id='word_1_82' title='bbox 657 787 785 828; x_wconf 90' lang='lat' dir='ltr'>veluti</span> <span class='ocrx_word' id='word_1_83' title='bbox 806 787 956 829; x_wconf 90' lang='lat' dir='ltr'>virtute</span> <span class='ocrx_word' id='word_1_84' title='bbox 978 797 1177 843; x_wconf 84' lang='lat' dir='ltr'>paratum,</span> 
     </span>
     <span class='ocr_line' id='line_1_13' title="bbox 46 844 1081 902; baseline -0.001 -14"><span class='ocrx_word' id='word_1_85' title='bbox 46 846 237 902; x_wconf 89' lang='lat' dir='ltr'>Speravit</span> <span class='ocrx_word' id='word_1_86' title='bbox 256 861 417 902; x_wconf 79' lang='lat' dir='ltr'>magnae</span> <span class='ocrx_word' id='word_1_87' title='bbox 437 845 547 887; x_wconf 88' lang='lat' dir='ltr'>laudi</span> <span class='ocrx_word' id='word_1_88' title='bbox 568 844 666 886; x_wconf 81' lang='lat' dir='ltr'>fore.</span> <span class='ocrx_word' id='word_1_89' title='bbox 728 844 842 894; x_wconf 85' lang='lat' dir='ltr'>Quid</span> <span class='ocrx_word' id='word_1_90' title='bbox 863 846 994 886; x_wconf 88' lang='lat' dir='ltr'>simile.</span> <span class='ocrx_word' id='word_1_91' title='bbox 1016 845 1081 887; x_wconf 81' lang='lat' dir='ltr'>isti</span> 
     </span>
     <span class='ocr_line' id='line_1_14' title="bbox 45 901 1294 959; baseline 0 -14"><span class='ocrx_word' id='word_1_92' title='bbox 45 903 216 946; x_wconf 86' lang='lat' dir='ltr'>Graecus</span> <span class='ocrx_word' id='word_1_93' title='bbox 239 901 504 959; x_wconf 85' lang='lat' dir='ltr'>Aristippus?</span> <span class='ocrx_word' id='word_1_94' title='bbox 526 903 596 958; x_wconf 91' lang='lat' dir='ltr'>qui</span> <span class='ocrx_word' id='word_1_95' title='bbox 616 918 753 944; x_wconf 88' lang='lat' dir='ltr'>servos</span> <span class='ocrx_word' id='word_1_96' title='bbox 775 903 972 959; x_wconf 86' lang='lat' dir='ltr'>projicere</span> <span class='ocrx_word' id='word_1_97' title='bbox 994 919 1136 945; x_wconf 85' lang='lat' dir='ltr'>aurum</span> <span class='ocrx_word' id='word_1_98' title='bbox 1215 907 1294 945; x_wconf 86' lang='grc'>100</span> 
     </span>
     <span class='ocr_line' id='line_1_15' title="bbox 45 960 980 1018; baseline 0 -16"><span class='ocrx_word' id='word_1_99' title='bbox 45 960 94 1002; x_wconf 85' lang='lat' dir='ltr'>In</span> <span class='ocrx_word' id='word_1_100' title='bbox 115 961 248 1004; x_wconf 74' lang='lat' dir='ltr'>medifi</span> <span class='ocrx_word' id='word_1_101' title='bbox 265 961 389 1018; x_wconf 87' lang='lat' dir='ltr'>jussit</span> <span class='ocrx_word' id='word_1_102' title='bbox 412 961 560 1018; x_wconf 61' lang='lat' dir='ltr'>Libya,</span> <span class='ocrx_word' id='word_1_103' title='bbox 584 960 679 1016; x_wconf 88' lang='lat' dir='ltr'>quia</span> <span class='ocrx_word' id='word_1_104' title='bbox 700 961 852 1002; x_wconf 83' lang='lat' dir='ltr'>tardius</span> <span class='ocrx_word' id='word_1_105' title='bbox 875 961 980 1002; x_wconf 85' lang='lat' dir='ltr'>irent</span> 
     </span>
     <span class='ocr_line' id='line_1_16' title="bbox 46 1017 1174 1075; baseline 0.001 -16"><span class='ocrx_word' id='word_1_106' title='bbox 46 1017 221 1075; x_wconf 87' lang='lat' dir='ltr'>Propter</span> <span class='ocrx_word' id='word_1_107' title='bbox 241 1034 342 1060; x_wconf 86' lang='lat' dir='ltr'>onus</span> <span class='ocrx_word' id='word_1_108' title='bbox 362 1033 523 1075; x_wconf 84' lang='lat' dir='ltr'>segnes.</span> <span class='ocrx_word' id='word_1_109' title='bbox 586 1018 693 1060; x_wconf 90' lang='lat' dir='ltr'>Uter</span> <span class='ocrx_word' id='word_1_110' title='bbox 715 1026 777 1059; x_wconf 89' lang='lat' dir='ltr'>est</span> <span class='ocrx_word' id='word_1_111' title='bbox 798 1019 975 1059; x_wconf 84' lang='lat' dir='ltr'>insanior</span> <span class='ocrx_word' id='word_1_112' title='bbox 996 1018 1174 1060; x_wconf 85' lang='lat' dir='ltr'>horum?</span> 
     </span>
     <span class='ocr_line' id='line_1_17' title="bbox 43 1074 1051 1133; baseline 0.001 -16"><span class='ocrx_word' id='word_1_113' title='bbox 43 1074 116 1119; x_wconf 92' lang='lat' dir='ltr'>Nil</span> <span class='ocrx_word' id='word_1_114' title='bbox 135 1078 222 1133; x_wconf 87' lang='lat' dir='ltr'>agit</span> <span class='ocrx_word' id='word_1_115' title='bbox 242 1076 490 1132; x_wconf 88' lang='lat' dir='ltr'>exemplum,</span> <span class='ocrx_word' id='word_1_116' title='bbox 512 1075 627 1118; x_wconf 90' lang='lat' dir='ltr'>litem</span> <span class='ocrx_word' id='word_1_117' title='bbox 649 1075 759 1131; x_wconf 90' lang='lat' dir='ltr'>quod</span> <span class='ocrx_word' id='word_1_118' title='bbox 780 1076 851 1124; x_wconf 87' lang='lat' dir='ltr'>lite</span> <span class='ocrx_word' id='word_1_119' title='bbox 873 1077 1051 1118; x_wconf 87' lang='lat' dir='ltr'>resolvit.</span> 
     </span>
     <span class='ocr_line' id='line_1_18' title="bbox 45 1133 1190 1191; baseline 0.001 -16"><span class='ocrx_word' id='word_1_120' title='bbox 45 1133 90 1175; x_wconf 88' lang='lat' dir='ltr'>Si</span> <span class='ocrx_word' id='word_1_121' title='bbox 110 1135 201 1191; x_wconf 90' lang='lat' dir='ltr'>quis</span> <span class='ocrx_word' id='word_1_122' title='bbox 222 1146 332 1176; x_wconf 87' lang='lat' dir='ltr'>emat</span> <span class='ocrx_word' id='word_1_123' title='bbox 351 1133 536 1182; x_wconf 86' lang='lat' dir='ltr'>citharas,</span> <span class='ocrx_word' id='word_1_124' title='bbox 559 1142 716 1189; x_wconf 89' lang='lat' dir='ltr'>emptas</span> <span class='ocrx_word' id='word_1_125' title='bbox 737 1143 964 1189; x_wconf 86' lang='lat' dir='ltr'>comportet</span> <span class='ocrx_word' id='word_1_126' title='bbox 986 1134 1026 1174; x_wconf 90' lang='lat' dir='ltr'>in</span> <span class='ocrx_word' id='word_1_127' title='bbox 1051 1150 1190 1184; x_wconf 88' lang='lat' dir='ltr'>unum,</span> 
     </span>
     <span class='ocr_line' id='line_1_19' title="bbox 43 1189 1286 1241; baseline 0.001 -9"><span class='ocrx_word' id='word_1_128' title='bbox 43 1189 135 1234; x_wconf 91' lang='lat' dir='ltr'>Nec</span> <span class='ocrx_word' id='word_1_129' title='bbox 154 1192 288 1234; x_wconf 78' lang='lat' dir='ltr'>studio</span> <span class='ocrx_word' id='word_1_130' title='bbox 309 1192 485 1241; x_wconf 81' lang='lat' dir='ltr'>citharae,</span> <span class='ocrx_word' id='word_1_131' title='bbox 508 1206 584 1232; x_wconf 89' lang='lat' dir='ltr'>nec</span> <span class='ocrx_word' id='word_1_132' title='bbox 609 1191 744 1233; x_wconf 89' lang='lat' dir='ltr'>Musae</span> <span class='ocrx_word' id='word_1_133' title='bbox 764 1191 926 1233; x_wconf 91' lang='lat' dir='ltr'>deditus</span> <span class='ocrx_word' id='word_1_134' title='bbox 948 1192 1046 1240; x_wconf 82' lang='lat' dir='ltr'>ulli3</span> <span class='ocrx_word' id='word_1_135' title='bbox 1210 1196 1286 1234; x_wconf 83' lang='grc'>105</span> 
     </span>
     <span class='ocr_line' id='line_1_20' title="bbox 10 1248 1057 1306; baseline 0.001 -16"><span class='ocrx_word' id='word_1_136' title='bbox 10 1267 16 1271; x_wconf 95' lang='grc'><em>·</em></span> <span class='ocrx_word' id='word_1_137' title='bbox 44 1248 90 1290; x_wconf 88' lang='lat' dir='ltr'>Si</span> <span class='ocrx_word' id='word_1_138' title='bbox 108 1249 265 1306; x_wconf 85' lang='lat' dir='ltr'>scalpra</span> <span class='ocrx_word' id='word_1_139' title='bbox 285 1258 327 1291; x_wconf 88' lang='lat' dir='ltr'>et</span> <span class='ocrx_word' id='word_1_140' title='bbox 346 1251 494 1291; x_wconf 90' lang='lat' dir='ltr'>formas</span> <span class='ocrx_word' id='word_1_141' title='bbox 514 1264 594 1290; x_wconf 90' lang='lat' dir='ltr'>non</span> <span class='ocrx_word' id='word_1_142' title='bbox 617 1257 729 1290; x_wconf 88' lang='lat' dir='ltr'>sutor</span> <span class='ocrx_word' id='word_1_143' title='bbox 741 1265 751 1298; x_wconf 85' lang='lat'><em>3</em></span> <span class='ocrx_word' id='word_1_144' title='bbox 784 1250 946 1290; x_wconf 89' lang='lat' dir='ltr'>nautica</span> <span class='ocrx_word' id='word_1_145' title='bbox 967 1249 1057 1291; x_wconf 88' lang='lat' dir='ltr'>vela</span> 
     </span>
     <span class='ocr_line' id='line_1_21' title="bbox 42 1306 910 1356; baseline 0.001 -9"><span class='ocrx_word' id='word_1_146' title='bbox 42 1306 223 1349; x_wconf 87' lang='lat' dir='ltr'>Aversus</span> <span class='ocrx_word' id='word_1_147' title='bbox 245 1307 504 1356; x_wconf 84' lang='lat' dir='ltr'>mercaturis3</span> <span class='ocrx_word' id='word_1_148' title='bbox 537 1306 687 1348; x_wconf 90' lang='lat' dir='ltr'>delirus</span> <span class='ocrx_word' id='word_1_149' title='bbox 709 1316 751 1348; x_wconf 89' lang='lat' dir='ltr'>et</span> <span class='ocrx_word' id='word_1_150' title='bbox 769 1322 910 1348; x_wconf 87' lang='lat' dir='ltr'>amens</span> 
     </span>
     <span class='ocr_line' id='line_1_22' title="bbox 43 1362 1087 1420; baseline 0 -15"><span class='ocrx_word' id='word_1_151' title='bbox 43 1362 241 1420; x_wconf 89' lang='lat' dir='ltr'>Undique</span> <span class='ocrx_word' id='word_1_152' title='bbox 261 1365 418 1407; x_wconf 87' lang='lat' dir='ltr'>dicatur</span> <span class='ocrx_word' id='word_1_153' title='bbox 439 1364 596 1405; x_wconf 89' lang='lat' dir='ltr'>merito.</span> <span class='ocrx_word' id='word_1_154' title='bbox 658 1363 746 1413; x_wconf 80' lang='lat' dir='ltr'>Qui</span> <span class='ocrx_word' id='word_1_155' title='bbox 765 1364 968 1419; x_wconf 85' lang='lat' dir='ltr'>discrepat</span> <span class='ocrx_word' id='word_1_156' title='bbox 989 1364 1087 1415; x_wconf 88' lang='lat' dir='ltr'>istis,</span> 
     </span>
     <span class='ocr_line' id='line_1_23' title="bbox 42 1419 1061 1478; baseline 0.001 -16"><span class='ocrx_word' id='word_1_157' title='bbox 42 1419 128 1470; x_wconf 85' lang='lat' dir='ltr'>Qui</span> <span class='ocrx_word' id='word_1_158' title='bbox 148 1437 335 1464; x_wconf 85' lang='lat' dir='ltr'>nummos</span> <span class='ocrx_word' id='word_1_159' title='bbox 354 1437 581 1478; x_wconf 86' lang='lat' dir='ltr'>aurumque</span> <span class='ocrx_word' id='word_1_160' title='bbox 602 1421 798 1471; x_wconf 87' lang='lat' dir='ltr'>recondit,</span> <span class='ocrx_word' id='word_1_161' title='bbox 822 1423 982 1463; x_wconf 86' lang='lat' dir='ltr'>nescius</span> <span class='ocrx_word' id='word_1_162' title='bbox 1004 1423 1061 1463; x_wconf 87' lang='lat' dir='ltr'>uti</span> 
     </span>
     <span class='ocr_line' id='line_1_24' title="bbox 42 1477 1286 1536; baseline -0.003 -16"><span class='ocrx_word' id='word_1_163' title='bbox 42 1477 300 1536; x_wconf 76' lang='lat' dir='ltr'>Compositis,</span> <span class='ocrx_word' id='word_1_164' title='bbox 319 1488 589 1535; x_wconf 87' lang='lat' dir='ltr'>metuensque</span> <span class='ocrx_word' id='word_1_165' title='bbox 606 1479 718 1521; x_wconf 88' lang='lat' dir='ltr'>velut</span> <span class='ocrx_word' id='word_1_166' title='bbox 739 1479 978 1536; x_wconf 87' lang='lat' dir='ltr'>contingere</span> <span class='ocrx_word' id='word_1_167' title='bbox 998 1478 1184 1521; x_wconf 79' lang='lat' dir='ltr'>sacrum?</span> <span class='ocrx_word' id='word_1_168' title='bbox 1209 1482 1286 1521; x_wconf 76' lang='grc'>110</span> 
     </span>
     <span class='ocr_line' id='line_1_25' title="bbox 43 1535 1111 1594; baseline 0 -16"><span class='ocrx_word' id='word_1_169' title='bbox 43 1535 88 1578; x_wconf 89' lang='lat' dir='ltr'>Si</span> <span class='ocrx_word' id='word_1_170' title='bbox 109 1538 199 1594; x_wconf 85' lang='lat' dir='ltr'>quis</span> <span class='ocrx_word' id='word_1_171' title='bbox 219 1538 268 1580; x_wconf 85' lang='lat' dir='ltr'>ad</span> <span class='ocrx_word' id='word_1_172' title='bbox 290 1538 502 1594; x_wconf 88' lang='lat' dir='ltr'>ingentem</span> <span class='ocrx_word' id='word_1_173' title='bbox 525 1537 716 1578; x_wconf 87' lang='lat' dir='ltr'>frumenti</span> <span class='ocrx_word' id='word_1_174' title='bbox 738 1553 900 1593; x_wconf 86' lang='lat' dir='ltr'>semper</span> <span class='ocrx_word' id='word_1_175' title='bbox 920 1553 1111 1579; x_wconf 89' lang='lat' dir='ltr'>acervum</span> 
     </span>
     <span class='ocr_line' id='line_1_26' title="bbox 41 1592 1133 1651; baseline 0.001 -16"><span class='ocrx_word' id='word_1_176' title='bbox 41 1592 257 1638; x_wconf 88' lang='lat' dir='ltr'>Porrectus</span> <span class='ocrx_word' id='word_1_177' title='bbox 277 1595 421 1651; x_wconf 79' lang='lat' dir='ltr'>vigilet</span> <span class='ocrx_word' id='word_1_178' title='bbox 441 1610 533 1637; x_wconf 88' lang='lat' dir='ltr'>cum</span> <span class='ocrx_word' id='word_1_179' title='bbox 556 1594 679 1651; x_wconf 85' lang='lat' dir='ltr'>longo</span> <span class='ocrx_word' id='word_1_180' title='bbox 700 1596 829 1644; x_wconf 86' lang='lat' dir='ltr'>fuste3</span> <span class='ocrx_word' id='word_1_181' title='bbox 862 1611 998 1651; x_wconf 89' lang='lat' dir='ltr'>neque</span> <span class='ocrx_word' id='word_1_182' title='bbox 1020 1595 1133 1636; x_wconf 90' lang='lat' dir='ltr'>illinc</span> 
     </span>
     <span class='ocr_line' id='line_1_27' title="bbox 38 1651 1083 1709; baseline 0.001 -17"><span class='ocrx_word' id='word_1_183' title='bbox 38 1651 204 1695; x_wconf 83' lang='lat' dir='ltr'>Audeat</span> <span class='ocrx_word' id='word_1_184' title='bbox 223 1653 406 1695; x_wconf 87' lang='lat' dir='ltr'>esuriens</span> <span class='ocrx_word' id='word_1_185' title='bbox 426 1652 613 1694; x_wconf 89' lang='lat' dir='ltr'>dominus</span> <span class='ocrx_word' id='word_1_186' title='bbox 634 1653 874 1709; x_wconf 85' lang='lat' dir='ltr'>contingere</span> <span class='ocrx_word' id='word_1_187' title='bbox 895 1668 1083 1707; x_wconf 76' lang='lat' dir='ltr'>granum,</span> 
     </span>
     <span class='ocr_line' id='line_1_28' title="bbox 39 1710 940 1766; baseline 0.002 -17"><span class='ocrx_word' id='word_1_188' title='bbox 39 1710 104 1750; x_wconf 86' lang='lat' dir='ltr'>Ac</span> <span class='ocrx_word' id='word_1_189' title='bbox 122 1710 256 1766; x_wconf 88' lang='lat' dir='ltr'>potius</span> <span class='ocrx_word' id='word_1_190' title='bbox 277 1711 383 1752; x_wconf 89' lang='lat' dir='ltr'>foliis</span> <span class='ocrx_word' id='word_1_191' title='bbox 402 1725 546 1766; x_wconf 89' lang='lat' dir='ltr'>parcus</span> <span class='ocrx_word' id='word_1_192' title='bbox 568 1720 753 1751; x_wconf 86' lang='lat' dir='ltr'>vescatur</span> <span class='ocrx_word' id='word_1_193' title='bbox 772 1711 940 1752; x_wconf 88' lang='lat' dir='ltr'>amaris:</span> 
     </span>
     <span class='ocr_line' id='line_1_29' title="bbox 40 1765 1281 1823; baseline 0 -16"><span class='ocrx_word' id='word_1_194' title='bbox 40 1765 99 1816; x_wconf 91' lang='lat' dir='ltr'>Si,</span> <span class='ocrx_word' id='word_1_195' title='bbox 121 1768 261 1822; x_wconf 88' lang='lat' dir='ltr'>positis</span> <span class='ocrx_word' id='word_1_196' title='bbox 281 1769 390 1810; x_wconf 90' lang='lat' dir='ltr'>intus</span> <span class='ocrx_word' id='word_1_197' title='bbox 413 1768 505 1810; x_wconf 87' lang='lat' dir='ltr'>Chii</span> <span class='ocrx_word' id='word_1_198' title='bbox 530 1768 760 1823; x_wconf 85' lang='lat' dir='ltr'>veterisque</span> <span class='ocrx_word' id='word_1_199' title='bbox 784 1768 948 1809; x_wconf 85' lang='lat' dir='ltr'>Falerni</span> <span class='ocrx_word' id='word_1_200' title='bbox 1203 1770 1281 1808; x_wconf 80' lang='lat'>115</span> 
     </span>
     <span class='ocr_line' id='line_1_30' title="bbox 39 1822 1122 1876; baseline 0.002 -12"><span class='ocrx_word' id='word_1_201' title='bbox 39 1822 161 1866; x_wconf 88' lang='lat' dir='ltr'>Mille</span> <span class='ocrx_word' id='word_1_202' title='bbox 182 1825 303 1876; x_wconf 87' lang='lat' dir='ltr'>cadis,</span> <span class='ocrx_word' id='word_1_203' title='bbox 326 1825 429 1866; x_wconf 90' lang='lat' dir='ltr'>nihil</span> <span class='ocrx_word' id='word_1_204' title='bbox 449 1835 524 1875; x_wconf 82' lang='lat' dir='ltr'>est,</span> <span class='ocrx_word' id='word_1_205' title='bbox 547 1835 608 1867; x_wconf 85' lang='lat' dir='ltr'>ter</span> <span class='ocrx_word' id='word_1_206' title='bbox 629 1835 792 1867; x_wconf 86' lang='lat' dir='ltr'>centum</span> <span class='ocrx_word' id='word_1_207' title='bbox 815 1826 1007 1875; x_wconf 85' lang='lat' dir='ltr'>millibus,</span> <span class='ocrx_word' id='word_1_208' title='bbox 1030 1841 1122 1867; x_wconf 88' lang='lat' dir='ltr'>acre</span> 
     </span>
     <span class='ocr_line' id='line_1_31' title="bbox 37 1880 1190 1939; baseline 0.002 -16"><span class='ocrx_word' id='word_1_209' title='bbox 37 1880 161 1924; x_wconf 89' lang='lat' dir='ltr'>Potet</span> <span class='ocrx_word' id='word_1_210' title='bbox 180 1891 363 1924; x_wconf 90' lang='lat' dir='ltr'>acetum:</span> <span class='ocrx_word' id='word_1_211' title='bbox 394 1898 485 1939; x_wconf 87' lang='lat' dir='ltr'>age,</span> <span class='ocrx_word' id='word_1_212' title='bbox 508 1883 541 1925; x_wconf 89' lang='lat' dir='ltr'>si</span> <span class='ocrx_word' id='word_1_213' title='bbox 562 1891 604 1924; x_wconf 87' lang='lat' dir='ltr'>et</span> <span class='ocrx_word' id='word_1_214' title='bbox 623 1883 855 1924; x_wconf 87' lang='lat' dir='ltr'>stramentis</span> <span class='ocrx_word' id='word_1_215' title='bbox 876 1883 1043 1925; x_wconf 86' lang='lat' dir='ltr'>incubet</span> <span class='ocrx_word' id='word_1_216' title='bbox 1066 1883 1190 1925; x_wconf 91' lang='lat' dir='ltr'>unde-</span> 
     </span>
     <span class='ocr_line' id='line_1_32' title="bbox 37 1937 1002 1997; baseline 0 -16"><span class='ocrx_word' id='word_1_217' title='bbox 37 1937 262 1996; x_wconf 80' lang='lat' dir='ltr'>octoginta</span> <span class='ocrx_word' id='word_1_218' title='bbox 281 1955 408 1982; x_wconf 88' lang='lat' dir='ltr'>annos</span> <span class='ocrx_word' id='word_1_219' title='bbox 429 1950 561 1994; x_wconf 86' lang='lat' dir='ltr'>natus,</span> <span class='ocrx_word' id='word_1_220' title='bbox 580 1941 647 1982; x_wconf 91' lang='lat' dir='ltr'>cui</span> <span class='ocrx_word' id='word_1_221' title='bbox 666 1941 846 1997; x_wconf 87' lang='lat' dir='ltr'>stragula</span> <span class='ocrx_word' id='word_1_222' title='bbox 867 1942 1002 1990; x_wconf 80' lang='lat' dir='ltr'>vestis,</span> 
     </span>
     <span class='ocr_line' id='line_1_33' title="bbox 35 1995 1143 2054; baseline 0.002 -16"><span class='ocrx_word' id='word_1_223' title='bbox 35 1995 263 2039; x_wconf 86' lang='lat' dir='ltr'>Blattarum</span> <span class='ocrx_word' id='word_1_224' title='bbox 284 2013 331 2039; x_wconf 89' lang='lat' dir='ltr'>ac</span> <span class='ocrx_word' id='word_1_225' title='bbox 353 1998 550 2039; x_wconf 90' lang='lat' dir='ltr'>tinearum</span> <span class='ocrx_word' id='word_1_226' title='bbox 572 1998 716 2054; x_wconf 78' lang='lat' dir='ltr'>epulae,</span> <span class='ocrx_word' id='word_1_227' title='bbox 739 2008 946 2054; x_wconf 83' lang='lat' dir='ltr'>putrescat</span> <span class='ocrx_word' id='word_1_228' title='bbox 966 1999 1006 2039; x_wconf 91' lang='lat' dir='ltr'>in</span> <span class='ocrx_word' id='word_1_229' title='bbox 1028 1999 1143 2040; x_wconf 68' lang='lat' dir='ltr'>arca:</span> 
     </span>
     <span class='ocr_line' id='line_1_34' title="bbox 35 2051 1279 2112; baseline 0.002 -17"><span class='ocrx_word' id='word_1_230' title='bbox 35 2051 239 2103; x_wconf 86' lang='lat' dir='ltr'>Nimirum</span> <span class='ocrx_word' id='word_1_231' title='bbox 262 2055 425 2097; x_wconf 88' lang='lat' dir='ltr'>insanus</span> <span class='ocrx_word' id='word_1_232' title='bbox 445 2055 584 2110; x_wconf 87' lang='lat' dir='ltr'>paucis</span> <span class='ocrx_word' id='word_1_233' title='bbox 603 2056 800 2106; x_wconf 88' lang='lat' dir='ltr'>videatur,</span> <span class='ocrx_word' id='word_1_234' title='bbox 824 2072 872 2097; x_wconf 93' lang='lat' dir='ltr'>eo</span> <span class='ocrx_word' id='word_1_235' title='bbox 894 2057 1001 2112; x_wconf 90' lang='lat' dir='ltr'>quod</span> <span class='ocrx_word' id='word_1_236' title='bbox 1202 2060 1279 2098; x_wconf 77' lang='lat'>120</span> 
     </span>
     <span class='ocr_line' id='line_1_35' title="bbox 36 2109 1094 2169; baseline 0.001 -15"><span class='ocrx_word' id='word_1_237' title='bbox 36 2109 223 2154; x_wconf 84' lang='lat' dir='ltr'>Maxima</span> <span class='ocrx_word' id='word_1_238' title='bbox 242 2128 334 2169; x_wconf 89' lang='lat' dir='ltr'>pars</span> <span class='ocrx_word' id='word_1_239' title='bbox 354 2113 562 2154; x_wconf 89' lang='lat' dir='ltr'>hominum</span> <span class='ocrx_word' id='word_1_240' title='bbox 584 2114 724 2155; x_wconf 89' lang='lat' dir='ltr'>morbo</span> <span class='ocrx_word' id='word_1_241' title='bbox 738 2114 917 2169; x_wconf 86' lang='lat' dir='ltr'>jactatur</span> <span class='ocrx_word' id='word_1_242' title='bbox 938 2115 1094 2155; x_wconf 81' lang='lat' dir='ltr'>eodem.</span> 
     </span>
     <span class='ocr_line' id='line_1_36' title="bbox 26 2167 1092 2226; baseline 0.002 -15"><span class='ocrx_word' id='word_1_243' title='bbox 26 2167 177 2226; x_wconf 56' lang='lat' dir='ltr'>filius,</span> <span class='ocrx_word' id='word_1_244' title='bbox 199 2179 270 2212; x_wconf 88' lang='lat' dir='ltr'>aut</span> <span class='ocrx_word' id='word_1_245' title='bbox 290 2171 412 2212; x_wconf 88' lang='lat' dir='ltr'>etiam</span> <span class='ocrx_word' id='word_1_246' title='bbox 434 2170 519 2212; x_wconf 87' lang='lat' dir='ltr'>haec</span> <span class='ocrx_word' id='word_1_247' title='bbox 540 2169 707 2212; x_wconf 90' lang='lat' dir='ltr'>libertus</span> <span class='ocrx_word' id='word_1_248' title='bbox 727 2180 773 2212; x_wconf 90' lang='lat' dir='ltr'>ut</span> <span class='ocrx_word' id='word_1_249' title='bbox 793 2172 930 2212; x_wconf 88' lang='lat' dir='ltr'>ebibat</span> <span class='ocrx_word' id='word_1_250' title='bbox 952 2172 1092 2221; x_wconf 66' lang='lat' dir='ltr'>haeres,</span> 
     </span>
     <span class='ocr_line' id='line_1_37' title="bbox 33 2225 1019 2278; baseline 0.002 -10"><span class='ocrx_word' id='word_1_251' title='bbox 33 2225 114 2270; x_wconf 76' lang='lat' dir='ltr'>Dis</span> <span class='ocrx_word' id='word_1_252' title='bbox 134 2227 298 2269; x_wconf 87' lang='lat' dir='ltr'>inimice</span> <span class='ocrx_word' id='word_1_253' title='bbox 318 2243 458 2278; x_wconf 81' lang='lat' dir='ltr'>senex,</span> <span class='ocrx_word' id='word_1_254' title='bbox 481 2227 687 2268; x_wconf 77' lang='lat' dir='ltr'>custodis?</span> <span class='ocrx_word' id='word_1_255' title='bbox 718 2243 769 2268; x_wconf 85' lang='lat' dir='ltr'>ne</span> <span class='ocrx_word' id='word_1_256' title='bbox 790 2229 864 2270; x_wconf 89' lang='lat' dir='ltr'>tibi</span> <span class='ocrx_word' id='word_1_257' title='bbox 886 2229 1019 2270; x_wconf 83' lang='lat' dir='ltr'>desit?</span> 
     </span>
     <span class='ocr_line' id='line_1_38' title="bbox 12 2282 1191 2342; baseline 0.003 -16"><span class='ocrx_word' id='word_1_258' title='bbox 12 2282 290 2338; x_wconf 53' lang='lat' dir='ltr'>(Quantulum</span> <span class='ocrx_word' id='word_1_259' title='bbox 312 2286 421 2327; x_wconf 91' lang='lat' dir='ltr'>enim</span> <span class='ocrx_word' id='word_1_260' title='bbox 442 2300 611 2327; x_wconf 86' lang='lat' dir='ltr'>summae</span> <span class='ocrx_word' id='word_1_261' title='bbox 630 2286 805 2327; x_wconf 84' lang='lat' dir='ltr'>curtabit</span> <span class='ocrx_word' id='word_1_262' title='bbox 825 2286 998 2342; x_wconf 89' lang='lat' dir='ltr'>quisque</span> <span class='ocrx_word' id='word_1_263' title='bbox 1019 2287 1191 2338; x_wconf 85' lang='lat' dir='ltr'>dierum,</span> 
     </span>
    </p>
   </div>
   <div class='ocr_carea' id='block_1_3' title="bbox 37 2338 1278 2442">
    <p class='ocr_par' dir='ltr' id='par_1_3' title="bbox 9 2338 1278 2442">
     <span class='ocr_line' id='line_1_39' title="bbox 37 2338 1278 2400; baseline 0.004 -16.89"><span class='ocrx_word' id='word_1_264' title='bbox 9 2338 207 2399; x_wconf 84' lang='lat' dir='ltr'>Ungere</span> <span class='ocrx_word' id='word_1_265' title='bbox 227 2343 261 2386; x_wconf 90' lang='lat' dir='ltr'>si</span> <span class='ocrx_word' id='word_1_266' title='bbox 283 2343 417 2386; x_wconf 89' lang='lat' dir='ltr'>caules</span> <span class='ocrx_word' id='word_1_267' title='bbox 437 2343 527 2385; x_wconf 90' lang='lat' dir='ltr'>oleo</span> <span class='ocrx_word' id='word_1_268' title='bbox 548 2342 715 2384; x_wconf 87' lang='lat' dir='ltr'>meliore</span> <span class='ocrx_word' id='word_1_269' title='bbox 738 2355 942 2400; x_wconf 84' lang='lat' dir='ltr'>caputque</span> <span class='ocrx_word' id='word_1_270' title='bbox 1204 2349 1278 2388; x_wconf 72' lang='lat'>125</span> 
     </span>
     <span class='ocr_line' id='line_1_40' title="bbox 626 2404 696 2442; baseline -0.014 0"><span class='ocrx_word' id='word_1_271' title='bbox 626 2415 649 2442; x_wconf 91' lang='lat' dir='ltr'>c</span> <span class='ocrx_word' id='word_1_272' title='bbox 671 2404 696 2441; x_wconf 91' lang='grc'><strong>6</strong></span> 
     </span>
    </p>
   </div>
  </div>
 </body>
</html>
