1390 2586
160 121 214 158 64
500 130 815 159 Erisromnmu
845 130 933 160 ΜΒ.
955 132 985 159 1.
1007 121 1044 160 7.

162 229 342 271 Adducit
361 229 505 278 febres,
527 237 568 270 et
588 236 827 271 testamenta
845 230 1034 286 resignat.

163 284 319 333 Quodsi
339 286 481 327 bruma
501 286 613 326 nives
636 285 804 326 Albanis
824 285 955 326 illinet
973 285 1092 341 agris,

163 341 228 381 Ad
249 356 357 382 mare
378 341 593 383 descendet
614 350 722 383 vates
742 350 846 390 tuus,
869 349 910 382 et
927 342 1003 383 sibi
1023 348 1171 396 parcet,

164 397 484 452 Contractusque
504 398 639 452 leget3
671 406 723 446 te,
746 397 872 438 dulcis
890 397 1032 450 amice,
1052 397 1199 439 reviset

164 453 269 493 Cum
293 453 502 509 Zephyris,
525 456 555 494 si
578 453 785 502 concedes,
808 460 849 494 et
869 453 1081 494 hirundine
1102 452 1242 508 prima.

162 508 270 558 Non,
293 525 373 564 quo
392 525 501 550 more
523 510 632 564 pyris
651 510 757 550 vesci
781 509 951 550 Calaber
966 510 1083 564 jubet
1102 510 1259 565 hospes,

162 565 229 605 Tu
251 581 314 606 me
335 566 465 607 fecisti
485 565 737 620 locupletem.
802 566 953 606 Vescere
971 567 1087 606 sodes.

160 621 251 662 Jam
273 622 366 663 satis
387 630 458 663 est.
516 622 572 662 At
591 629 631 662 tu
652 624 896 676 quantumvis
915 622 1012 662 tolle.
1072 621 1272 677 Benigne.

159 677 252 717 Non
272 680 399 718 invisa
405 679 516 733 fires
530 679 664 732 pueris
683 679 907 718 munuscula
921 679 1072 731 parvis.

160 732 264 774 Tam
289 742 427 775 teneor
448 734 564 783 dono,
588 749 705 788 quam
727 734 759 774 si
779 733 956 774 dimittar
974 740 1152 774 onustus.

167 790 220 830 Ut
238 791 326 830 libet
340 810 351 830 :
382 792 460 831 lzaec
473 793 605 844 porcis
623 791 734 830 hodie
753 791 978 830 comedenda
997 790 1193 844 relinquis.

162 845 362 902 Prodigus
383 855 424 887 et
442 847 586 888 stultus
607 846 739 895 donat,
763 860 854 900 quae
873 845 1026 900 spernit
1046 853 1087 886 et
1105 845 1201 886 odit.

160 901 265 942 Haec
284 917 400 956 seges
420 903 598 958 ingratos
618 902 721 951 tulit,
745 910 785 943 et
804 902 907 942 feret
926 901 1111 942 omnibus
1130 900 1259 942 annis.

159 957 235 998 Vir
255 958 382 1000 bonus
404 967 444 1000 et
464 959 621 1014 sapiens
641 959 774 1013 dignis
794 957 849 998 ait
869 971 954 998 esse
975 966 1158 1012 paratus3

160 1013 251 1055 Nec
271 1022 403 1055 tamen
426 1015 595 1069 ignorat,
619 1015 714 1069 quid
734 1014 882 1054 distent
901 1028 980 1054 aera
999 1013 1158 1067 lupinis.

158 1069 345 1125 Dignum
367 1071 560 1126 praestabo
580 1085 644 1111 me
666 1070 784 1111 etiam
806 1084 878 1125 pro
899 1069 1015 1109 laude
1035 1068 1241 1110 merentis.

161 1125 317 1174 Quodsi
340 1142 403 1168 me
424 1127 534 1168 noles
555 1141 721 1182 usquam
743 1125 959 1174 discedere,
981 1125 1123 1166 reddes

160 1181 282 1223 Forte
303 1183 417 1232 latus,
440 1183 576 1238 nigros
596 1182 769 1238 angusta
788 1182 917 1222 fronte
939 1176 1127 1236 capillo's3

162 1238 323 1279 Reddes
344 1240 460 1280 dulce
481 1239 613 1294 loqui3
639 1238 781 1279 reddes
800 1237 929 1278 ridere
949 1237 1149 1278 decorum.

160 1293 282 1336 Forte
302 1310 373 1350 per
393 1304 604 1350 angustam
625 1295 756 1336 tenuis
777 1293 955 1334 nitedula
974 1293 1113 1333 rimam

162 1350 360 1406 Repserat
380 1351 420 1391 in
442 1366 642 1392 cumeram
664 1350 875 1399 frumenti;
906 1358 1098 1404 pastaque
1119 1362 1252 1390 rursus

158 1405 225 1447 Ire
245 1408 348 1448 foras
369 1407 487 1462 pleno
511 1407 699 1448 tendebat
720 1421 882 1461 corpore
903 1406 1070 1446 frustra:

160 1462 239 1503 Cui
261 1464 430 1504 mustela
450 1463 600 1518 procul,
625 1463 668 1504 Si
690 1463 761 1511 vis,
783 1462 850 1510 ait,
874 1462 1052 1516 effugere
1074 1461 1204 1510 istinc,

160 1518 303 1560 Macra
323 1535 463 1560 cavum
484 1527 642 1574 repetes
661 1526 827 1567 aretum,
850 1532 971 1572 quem
991 1532 1125 1558 macra
1143 1515 1297 1558 subisti.

159 1574 251 1616 Hac
272 1590 348 1631 ego
368 1576 399 1616 si
422 1576 639 1630 compellor
658 1575 846 1630 imagine,
869 1581 1012 1614 cuneta
1032 1573 1214 1628 resigno:

160 1630 248 1672 Nec
268 1646 451 1672 somnum
472 1631 601 1686 plebis
623 1630 752 1679 laudo,
775 1638 883 1671 satur
903 1629 1085 1678 altilium,
1107 1643 1182 1669 nec

159 1686 257 1728 Otia
276 1687 424 1729 divitiis
447 1688 625 1727 Arabum
648 1686 848 1727 liberrima
868 1692 991 1726 muto.

160 1743 276 1798 Saepe
298 1743 568 1784 verecundum
589 1743 779 1791 laudasti3
811 1757 964 1796 rexque
985 1748 1179 1796 paterque

158 1799 321 1840 Audisti
343 1814 472 1841 coram
490 1815 499 1847 ;
531 1814 606 1840 nec
625 1799 747 1840 verbo
767 1798 924 1853 parcius
943 1797 1111 1838 absens:

160 1855 332 1910 Inspice,
356 1857 388 1896 si
409 1870 569 1910 possum
590 1855 735 1895 donata
754 1869 949 1908 reponere
971 1854 1097 1894 laetus.

158 1911 282 1952 Haud
302 1912 405 1953 male
427 1911 707 1959 Telemachus,
731 1911 862 1966 proles
883 1910 1072 1965 patientis
1094 1908 1261 1951 Ulixei:

158 1968 250 2008 Non
270 1975 323 2008 est
341 1975 455 2022 aptus
474 1970 580 2022 equis
599 1968 731 2007 Ithace
751 1969 851 2007 locus
863 1986 877 2014 ‚·
909 1973 952 2006 ut
971 1981 1086 2021 neque
1099 1967 1232 2020 planis

157 2027 364 2066 Porrectus
383 2026 533 2078 spatiis,
555 2038 671 2078 neque
691 2024 817 2063 multa>
837 2024 1023 2080 prodiqus
1041 2023 1163 2062 herbae
1179 2040 1191 2062 :

159 2080 311 2129 Atride,
334 2082 458 2135 mayis
477 2086 570 2134 apta
590 2081 661 2119 tibi
682 2086 748 2120 tua
768 2080 867 2119 dona
888 2080 1112 2133 relinquam.

162 2135 335 2176 Parvum
357 2151 477 2191 parva
497 2136 663 2176 decent:
696 2135 793 2175 mihi
807 2135 892 2189 jam
914 2149 992 2174 non
1016 2133 1126 2188 regia
1147 2133 1290 2182 Roma,

163 2191 244 2232 Sed
264 2207 432 2232 vacuum
454 2191 585 2232 Tibur
606 2191 749 2246 placet,
771 2199 840 2232 aut
859 2190 1020 2231 imbelle
1044 2189 1281 2230 Tarentum.

163 2248 359 2289 Strenuus
379 2257 420 2290 et
439 2248 564 2297 fortis,
587 2247 794 2302 causisque
820 2246 1028 2302 Philippus
1048 2244 1214 2301 agendis

164 2306 319 2354 Clarus,
341 2305 390 2345 ab
412 2304 549 2346 officiis
569 2312 748 2345 octavam
769 2303 925 2360 circiter
946 2301 1080 2343 horam

1332 286 1390 327 10

1333 567 1380 606 15

1327 846 1382 885 20

1325 1126 1380 1165 25

1326 1407 1381 1446 30

1326 1685 1379 1725 35

1326 1965 1380 2004 40

1326 2245 1385 2285 45=
