1390 2586
99 79 185 122 294«
529 75 898 108 INTERPRETATIO.

1373 103 1390 152 l

97 181 176 210 Cels.
191 179 221 215 3,
237 179 295 209 24:
323 178 383 207 Per
396 187 476 207 omne
492 181 604 214 tempus
618 177 757 206 utendum
771 179 815 205 est
831 175 908 212 lusu,
921 172 1002 213 joco,
1021 174 1109 208 ludis,
1126 173 1257 208 taminia.
1274 180 1330 213 per

96 233 162 262 quae
183 232 262 252 mens
283 222 484 253 exhilaratam
507 220 542 247 ob
561 228 626 257 quae
650 219 750 256 regius
771 218 895 246 morbus
916 218 1013 247 dictus
1029 213 1328 255 videtum—[sana-

97 267 173 294 tiens
197 261 295 302 error]
332 263 412 292 Flor.
428 262 457 296 3,
482 262 512 296 9,
538 259 695 299 fanaticus
711 258 811 299 furor,
837 260 958 297 qualem
984 259 1015 288 in
1040 258 1146 296 primis
1174 267 1193 287 a
1216 258 1329 296 Cybele

97 312 129 337 et
157 307 285 336 Bellona
310 305 516 334 sacerdotibus
551 303 675 332 immitti
706 303 872 341 putabant;
917 301 999 330 unde
1035 302 1067 331 in
1109 301 1262 338 Inscriptt.
1289 309 1331 332 m.

100 349 167 379 Lat.
198 349 237 378 N.
267 347 368 382 2317:
405 355 448 376 Ex
483 353 572 375 AEDE
610 352 808 375 nerinorum
845 351 1043 373 rvnvmsssrs
1079 350 1339 373 utrumnu-

98 433 220 463 reddit)
267 433 387 461 Talium
412 437 515 460 autem
539 436 721 467 aegrotorum
741 434 924 462 contactum,
949 437 987 456 ne
1009 428 1066 466 ipsi
1087 427 1194 456 iisdem
1218 427 1335 456 morbis
1354 459 1355 462 Ἴ

98 476 307 510 inficerentur,
334 474 439 512 fugere
463 474 620 506 solebant;
654 472 741 510 pueri
767 476 873 501 contra
901 470 1004 499 lascivi
1029 479 1079 499 eos
1105 468 1331 498 contumeliosis

100 389 116 431 [
131 388 258 429 Diana]
295 392 302 405 ‘
318 400 396 427 quae,
420 399 495 427 quos
523 388 570 417 ira
599 389 656 416 sua
686 386 888 426 persequitur,
918 386 1077 420 lunaticos,
1107 381 1332 422 σεληνιακούς,
1349 364 1379 501 ξ

99 519 198 548 verbis
214 518 412 547 lacessebant.
422 513 614 555 —[incauti]
631 524 710 553 saepe
726 514 809 543 enim
830 513 934 542 furiosi
950 522 1001 542 eos
1018 511 1170 550 lapidibus
1185 510 1332 541 fustibus-
1357 509 1388 707 ἰ

99 570 159 600 que
174 570 192 589 a
207 569 239 589 se
255 560 429 597 abigebant.

142 602 317 638 457-462,
343 597 510 640 [sublimis]
535 595 720 638 ίμετέωρος,
741 598 821 627 elato
841 602 870 626 et
890 601 1068 626 retrotracto
1089 595 1188 633 capite
1202 594 1332 624 circum-

99 655 224 674 cursans
241 654 301 674 non
315 644 381 673 sine
397 642 572 680 arrogantia
587 651 686 679 neque
701 646 836 670 attentus
850 640 889 668 ad
904 648 950 675 ea,
971 649 1039 677 quae
1055 639 1110 667 sub
1125 639 1190 676 ejus
1205 637 1334 676 pedibus

99 687 243 717 sunt.’—
256 684 424 726 [ructatur]
451 688 458 700 ‘
470 694 572 714 versus
588 690 618 713 et
633 683 803 713 inconditos
820 687 850 711 et
865 682 988 710 insanos
1008 680 1128 710 effutit!
1141 695 1182 702 --
1193 677 1333 718 [auceps]

101 730 215 759 Similis
230 734 330 758 exstat
349 727 578 757 narratiuncula
593 727 630 755 de
649 726 776 755 Thalete
791 725 873 763 apud
892 724 964 752 Plat.
982 723 1013 752 in
1031 723 1199 756 Theaeteto,
1220 731 1248 758 p.
1263 721 1334 756 174,

102 773 140 802 A.
163 777 194 802 et
220 772 308 809 Diog.
332 771 430 800 Laert.
452 770 479 803 l,
499 766 764 807 34.-—[longum]
794 767 881 796 Iliad.
899 767 931 796 Γ,
949 765 1000 799 81.
1023 764 1150 805 μακρὸν
1178 760 1335 795 dunwe—
1366 749 1377 766 l

103 811 155 853 [Io
169 812 260 852 cives]
289 813 402 842 Similis
426 812 556 841 formula
578 821 666 848 opem
690 809 850 839 invocandi
872 813 918 838 est
941 808 1034 837 Porro
1055 803 1336 844 Quiritem—[mm
1370 806 1385 834 ,ζ’

100 855 157 896 sit]
183 857 362 895 imperative
379 861 411 884 ut
428 856 488 883 Sat.
500 855 529 889 2,
544 855 574 888 5,
591 853 632 883 94
649 852 703 890 (80
718 853 827 881 harum
841 850 985 889 eclogg.),
1009 850 1077 878 Non
1091 850 1180 879 etiam
1193 849 1337 878 sileas.—-

104 897 184 939 [Qui
205 897 278 937 scis]
307 897 487 930 ‘Quomodo
513 896 580 931 scis,
604 905 643 924 an
664 901 770 924 contra
792 903 883 932 quam
910 899 944 922 tu
968 891 1112 930 opinaris,
1141 891 1278 920 consulto
1303 899 1335 919 se
1375 902 1390 915 τ’

102 942 291 980 praecipitem
306 942 338 969 in
354 946 479 978 puteum
495 938 678 976 projecerit?
704 937 785 976 quod
809 935 970 966 consilium
990 934 1139 972 impedire
1161 942 1222 962 non
1244 931 1335 962 licet.¹

104 985 142 1014 In
170 983 346 1022 hujusmodi
373 981 630 1020 propositionibus
660 989 713 1009 nos
742 978 946 1010 convertimus
975 986 1010 1006 ac
1038 976 1064 1006 si
1092 980 1172 1005 esset
1201 985 1240 1005 an
1268 984 1335 1011 non,
1374 982 1378 999 ἱ

103 1028 334 1056 whether—not.
362 1025 423 1054 Cfr.
440 1025 496 1053 Od.
513 1024 542 1059 2,
560 1023 590 1058 4,
609 1022 654 1052 13.
1377 1043 1379 1046 ⁴

147 1068 322 1103 462—467.
340 1064 524 1106 [Siculique]
556 1066 563 1081 ‘
579 1065 619 1094 Et
633 1064 757 1102 quidem
779 1063 847 1092 talis
862 1061 989 1092 insaniae
1004 1060 1180 1098 exemplum
1195 1058 1337 1088 omnibus
1372 1060 1383 1071 ·’

105 1116 212 1141 notum
236 1116 292 1146 est,
318 1108 512 1148 Empedoclis
534 1107 739 1145 Agrigentini,
762 1105 899 1143 inquam,
922 1108 1020 1142 poetae
1044 1101 1228 1140 philosophi.
1251 1102 1337 1140 cujus
1371 1117 1374 1120 ⁴

104 1154 264 1183 interitum
291 1162 413 1182 narrare
439 1150 557 1190 placet.’
604 1150 688 1178 Inter
718 1147 919 1185 multiplicem
947 1145 1059 1175 famam
1085 1145 1123 1174 de
1146 1143 1228 1172 illius
1252 1143 1337 1172 exitu
1383 1165 1386 1168 .

105 1196 172 1226 haec
195 1204 316 1234 quoque
343 1195 530 1228 tradebatur,
558 1192 663 1221 addita
682 1189 922 1224 narratiuncula,
948 1197 1042 1217 unam
1064 1196 1101 1216 ex
1122 1188 1186 1224 ejus
1209 1185 1349 1223 crepidis.
1388 1199 1390 1202 ·

106 1239 192 1268 aereis
209 1238 236 1267 vi
257 1238 387 1267 flammae
411 1245 514 1265 rursus
539 1236 665 1272 ejectam
689 1242 754 1262 esse
774 1242 812 1262 ex
829 1231 932 1260 AEtnae
953 1235 1079 1259 cratere.
1126 1228 1214 1265 Diog.
1237 1227 1336 1260 Laert.

106 1281 136 1316 8,
152 1281 202 1311 69.
216 1297 259 1301 —
269 1277 442 1319 [frigidus]
468 1288 528 1316 quo
544 1273 702 1315 ἀντιθέτῳ
718 1285 744 1304 v.
760 1275 912 1304 ardentem
926 1277 1011 1302 notat
1025 1271 1106 1300 illius
1121 1269 1340 1300 stultitiam.—

109 1321 175 1362 [Sit
190 1321 262 1362 jus]
293 1319 362 1352 κατ’
389 1318 563 1361 εἰρωνείαν.
609 1318 780 1350 ‘Quoniam
799 1316 967 1350 insaniunt,
992 1314 1049 1343 hoc
1070 1314 1139 1351 jure
1163 1321 1236 1341 sane
1256 1311 1340 1345 sint,’

108 1369 163 1395 &a
209 1366 363 1394 Gesnerus
378 1367 532 1401 comparat
549 1362 768 1400 Spartanorum
783 1359 950 1393 decretum,
969 1353 1205 1395 Κλαζομενίοις
1225 1350 1340 1388 ἐξέστω

106 1405 323 1447 ἀσχημονεῖν.
335 1423 376 1427 -
389 1405 482 1445 [idem
499 1402 582 1443 facit
601 1400 761 1442 occidenti]
786 1401 895 1431 Graeci
916 1408 1026 1429 constr.
1051 1396 1068 1427 ὁ
1084 1394 1210 1427 ἄκοντα
1226 1394 1340 1430 σώζων

109 1449 210 1480 ταὺτὸ
239 1450 325 1479 ποιεῖ
349 1448 396 1488 τῷ
415 1443 801 1484 &rasamenta—[Nee
825 1443 913 1474 semel
937 1443 989 1471 hoc
1009 1438 1104 1479 fecit]
1136 1439 1221 1468 ‘Nec
1247 1438 1342 1468 semel

109 1498 238 1522 mortem
270 1492 327 1522 sibi
354 1491 538 1520 consciscere
559 1494 684 1519 conatus
708 1492 764 1524 est,
791 1495 910 1524 semper
935 1490 1038 1514 tamen
1059 1486 1207 1512 retractus
1231 1482 1269 1511 ab
1293 1481 1340 1516 iis,

110 1537 163 1574 qui
179 1535 275 1565 invito
292 1531 531 1564 succurrebant.’

1381 89 1385 99 A

1382 155 1386 168 θ

1380 303 1390 311 γ.

1370 433 1381 449 π

1382 469 1387 495 1

681 1858 780 1880 Fles.

216 2265 1257 2286 ,Μ

198 2300 331 2332 Londini
345 2310 351 2329 :
375 2300 488 2330 librum
504 2297 585 2337 typis
601 2295 829 2334 descripserunt
844 2293 998 2323 Gazam
1014 2294 1046 2321 et
1063 2289 1272 2318 vanwron.
