1390 2586
35 114 103 143 m.
117 115 140 140 ι.
158 104 205 148 1.]
468 102 846 136 ῙΝΤΕΒΡΒΕΤΑΉΟ.
1206 101 1288 144 139

37 214 121 243 tatur
133 209 182 240 vel
196 207 354 246 mitigatur
367 205 549 245 interposito
563 216 591 237 v.
603 206 753 241 hortatur,
768 205 851 244 quod
865 203 967 244 ipsum
982 204 1015 234 in
1030 205 1122 244 prosa
1131 214 1174 235 or.
1188 205 1287 235 rarius

38 263 110 285 oum
121 251 274 283 infinitivo
287 250 493 289 componitur.
518 248 598 287 (Cic.
614 259 669 288 pro
686 250 763 278 Sest.
779 247 826 287 3.)

81 295 134 329 ω.
157 293 262 336 [Qnod
275 291 319 334 εἰ]
338 295 346 310 ⁶
358 294 446 324 Ultro
462 293 559 322 fateor
574 302 678 322 meum
693 291 846 331 judicium
862 291 1033 331 praesertim
1049 292 1082 321 in
1098 291 1146 327 iis,
1164 302 1233 331 quae
1249 292 1290 321 ad

0 367 1 375 ,
40 339 318 380 ope-honoresque
333 341 483 376 spectant,
502 337 592 375 longe
613 336 727 366 distare
749 337 786 365 ab
809 345 854 372 eo,
878 336 961 374 quod
984 336 1062 365 solet
1083 335 1171 374 sequi
1195 336 1290 365 stulta

0 378 1 411 J
39 381 213 417 multitudo,
229 390 368 419 meaeque
388 380 551 410 sententiae
570 379 719 409 rationem
740 379 807 408 sine
823 380 910 408 mora
925 380 1053 408 reddere
1070 384 1194 418 paratus
1209 388 1290 409 sum.

0 417 1 448 ἶ
41 425 122 457 Nm
135 424 162 456 si
175 424 252 455 rorte
265 423 412 464 populus'
431 423 552 463 (addita
567 432 594 453 v.
611 423 762 453 Romanus
777 420 922 463 εἰρωνείᾳ
941 423 1084 462 inservit)
1100 423 1108 438 ‘
1121 432 1170 452 me
1192 427 1290 460 roget,

39 477 95 501 em*
114 468 195 498 inter
216 467 318 507 ipsum
339 477 441 497 verser
461 467 587 506 quidem
608 466 745 505 quotidie
761 466 947 504 easdemque
964 476 1034 495 cum
1050 466 1159 496 ceteris
1174 466 1292 496 civibus

38 510 172 552 porticus
186 511 400 549 perambulare
416 511 541 545 soleam,
556 510 630 546 sed,’
648 510 704 539 διε.

80 553 216 590 67-69.
250 551 412 594 [reseram]
443 555 451 570 ‘
465 553 617 593 Responsi
646 553 713 582 loco
742 554 872 582 narrabo
899 558 1003 582 notam
1034 552 1118 582 illam
1148 552 1293 582 fabellam

115 597 198 637 piam
210 597 229 632 ς’
258 598 321 636 qua
346 597 478 627 similem
501 597 533 626 in
560 596 686 626 modum
713 605 786 625 usus
809 602 875 625 erat
894 597 959 634 jam
988 596 1136 632 Lucilius,
1161 606 1191 636 p.
1219 596 1292 633 421,

41 640 172 673 Havete.
187 657 230 662 —
246 639 392 681 [Bellua]
409 642 428 657 ‘⁴
442 641 521 670 Illud
533 639 616 678 vulgi
628 639 780 679 judicium
795 638 836 678 (v.
849 639 906 678 63)
921 650 981 669 non
995 640 1094 669 solum
1108 640 1294 670 damnosum

41 682 86 726 (r.
100 683 156 725 68)
173 690 230 720 est,
251 694 357 714 verum
380 683 474 714 etiam
497 689 560 713 tam
583 684 760 722 discrepans
783 687 813 712 et
834 683 1000 719 diversum,
1017 689 1051 712 ut
1071 683 1103 712 id
1125 683 1214 722 sequi
1237 693 1292 712 ne-

37 728 168 768 quens-”
194 728 267 758 Obb.
289 744 332 749 —
349 725 513 767 [capitum]
540 727 626 765 Saepe
648 726 826 762 multitudo,
847 727 983 765 tyranni,
1009 726 1105 756 animi
1130 727 1293 766 perturba·

39 770 140 802 tiones
151 777 368 810 comparantur
384 780 452 800 cum
468 770 611 800 monstris
627 767 881 810 πολυκεφάλοις.

83 813 221 850 70-73.
246 812 360 854 [Pars]
375 815 383 830 ⁶
396 813 488 844 Varia
506 813 589 843 enim
605 818 677 843 sunt
693 813 853 842 hominum
870 813 1044 851 vulgarium
1061 812 1174 850 studia,
1190 813 1296 843 omnia

41 861 146 888 umen
162 857 333 897 quaesticuli
349 858 441 887 causa
455 863 611 896 suscepta;
636 858 676 886 ad
697 857 754 886 hoc
774 856 806 886 in
831 856 904 895 ipsis
925 857 988 886 suis
1008 857 1118 887 studiis
1133 867 1296 895 nunquam

41 901 101 932 sibi
113 906 264 937 constant,
276 909 424 930 novarum
439 910 559 939 semper
570 900 762 939 voluptatum
776 899 857 929 avidi
869 912 876 934 ;
893 910 985 938 quam
999 900 1124 939 quidem
1139 900 1297 940 duplicem

41 945 275 985 perversitatem
294 953 352 982 ego
374 943 470 974 vitare
492 944 606 973 conor!
653 943 772 973 Primos
795 944 937 982 producit
961 945 1150 983 publicanos,
1175 945 1298 974 summa

43 987 212 1028 cupiditate
227 987 420 1026 scripturam,
433 986 578 1027 portoria,
594 991 773 1025 ceterosque
796 987 935 1025 publicos
955 988 1071 1017 reditus
1091 988 1297 1018 conducentes.

43 1031 158 1063 Amare
179 1037 284 1060 autem
307 1040 377 1060 curn
402 1030 583 1070 publicanis,
608 1030 681 1059 viris
705 1030 857 1069 equestris
879 1031 1006 1065 ordinis.
1032 1031 1199 1060 committit
1221 1031 1299 1061 viles

43 1079 214 1114 captatores
229 1073 464 1113 (heredipetas),
479 1074 532 1112 qui
547 1083 625 1103 anus
638 1074 746 1103 viduas
759 1083 910 1112 senesque
922 1075 1045 1103 coelibes
1061 1080 1091 1104 et
1103 1076 1193 1104 orbos
1208 1075 1299 1105 donis

42 1117 130 1158 parvi
152 1117 254 1157 pretii,
275 1117 328 1147 sed
348 1117 450 1156 palato
473 1117 578 1155 gratis,
601 1122 635 1146 ut
660 1118 802 1147 crustulis
826 1116 934 1156 (opere
958 1117 1123 1157 dulciario)
1148 1123 1180 1147 et
1202 1119 1299 1158 pomis

42 1159 198 1201 (omnium
212 1163 356 1190 arborum
371 1159 529 1196 fructibus,
546 1160 598 1199 qui
620 1161 742 1199 palpam
758 1160 888 1199 habent)
905 1161 1092 1190 alliciebant.
1106 1177 1150 1183 —
1167 1159 1298 1201 [excipi-

45 1201 116 1244 unt]
140 1203 269 1234 verbum
285 1204 489 1242 venatoriam,
511 1204 569 1234 Od.
586 1203 616 1239 3,
639 1204 688 1239 12,
707 1203 755 1240 12,
771 1205 905 1243 excipere
920 1215 1037 1244 aprum,
1052 1201 1251 1244 ἐκδέχεσθαι,
1269 1209 1300 1235 to

44 1252 179 1287 capture.
195 1263 238 1269 --
255 1244 403 1287 [vivaria]
418 1247 612 1286 receptacula
631 1247 679 1277 vel
700 1253 806 1286 saepta,
823 1247 874 1276 ubi
894 1254 1055 1277 servantur
1071 1255 1101 1277 et
1116 1249 1299 1287 saginantur

46 1290 146 1321 omnis
164 1291 287 1330 generis
310 1290 457 1319 animalia
478 1290 557 1326 viva,
577 1290 706 1329 lepores,
726 1291 803 1330 apri,
826 1289 928 1329 glires,
953 1301 1033 1326 aves,
1055 1290 1163 1330 pisces,
1187 1297 1299 1322 ostrea.

47 1332 107 1365 Est
119 1334 214 1373 igitur
226 1345 234 1363 z
259 1335 407 1371 ‘quorum
423 1333 610 1363 hereditates
624 1334 790 1372 aliquando
806 1334 1025 1364 devorent.’—
1038 1333 1167 1375 [occulto
1172 1333 1298 1376 fenore]

47 1376 143 1407 'dum
167 1377 248 1407 viros
270 1378 367 1407 bonos
390 1386 423 1406 se
446 1386 512 1406 esse
532 1377 689 1412 simulant,
710 1376 906 1415 illegitimum
930 1377 1019 1408 fenus
1042 1379 1119 1408 ciam
1143 1386 1299 1416 exercent,

46 1420 160 1460 partim
180 1422 280 1460 majus
302 1429 395 1458 quam
419 1419 591 1450 unciarium
609 1419 666 1459 (12
687 1429 741 1458 per
764 1419 871 1459 cent.)‚
895 1421 1006 1460 partim
1030 1423 1176 1451 adversus
1198 1423 1301 1461 legem

40 1463 223 1495 ¹l’laetoriam
239 1464 356 1493 credita⁴
371 1463 502 1502 pecunia
517 1463 762 1493 adolescentibus
779 1471 857 1493 xxv.
874 1465 963 1494 annis
979 1464 1170 1495 minoribus.¹

91 1506 142 1543 74,
158 1506 209 1542 75.
235 1504 344 1547 [Esto]
362 1508 370 1523 ⁴
383 1507 506 1543 Verum,
523 1512 558 1536 ut
572 1507 652 1536 hanc
667 1507 765 1545 ipsam
788 1507 960 1537 studiorum
982 1508 1085 1538 minus
1101 1509 1302 1540 honestorum

50 1550 228 1581 varietatem
241 1550 433 1580 multitudini
445 1550 627 1586 coridonem,
641 1551 698 1580 hac
711 1551 910 1589 perversitate
926 1561 1020 1590 prope
1033 1552 1131 1590 magis
1147 1552 1301 1591 indignor,

49 1594 133 1633 quod
159 1594 192 1623 in
221 1593 282 1623 illis
310 1594 318 1622 i
345 1593 386 1623 sis
413 1603 566 1623 summam
593 1594 831 1623 inconstantiam
861 1595 1035 1631 mentisque
1062 1595 1303 1626 mutabilitatem

44 1637 242 1670 monstrant?
258 1652 299 1658 —
334 1635 462 1676 durare]
480 1638 488 1653 ⁸
501 1636 674 1667 sustinere.’
720 1637 790 1667 Ter.
806 1637 866 1668 Ad.
883 1638 912 1675 4,
928 1638 957 1674 2,
978 1637 1026 1674 15,
1043 1639 1112 1669 Non
1134 1640 1233 1670 hercle
1254 1641 1303 1670 hie

43 1681 168 1726 guidem
183 1681 294 1710 durare
308 1681 474 1720 qaisquam,
488 1682 516 1710 si
529 1682 573 1710 sic
586 1681 636 1719 fit,
649 1684 756 1720 potest.

94 1722 230 1759 77-79,
256 1721 377 1763 [Baiis]
402 1723 580 1762 Campaniae
606 1724 720 1763 oppido
746 1723 828 1753 inter
855 1724 1011 1754 Misenum
1035 1732 1066 1755 et
1091 1726 1244 1756 Puteolos.
1260 1743 1304 1750 —-

53 1763 168 1807 [anm]
195 1767 300 1802 maris,
319 1766 543 1805 significatione
566 1767 701 1806 propria,
722 1767 809 1806 quasi
832 1767 976 1798 dixisset:
1003 1770 1010 1784 ‘
1024 1769 1127 1799 nullus
1149 1776 1196 1800 est
1217 1770 1304 1800 sinus

47 1809 136 1850 ,prior
153 1809 270 1840 Baiano
282 1809 300 1844 ς’
321 1819 381 1839 non
398 1811 406 1826 ‘
417 1810 560 1848 angulus,
576 1811 822 1850 receptaculum!
839 1827 883 1832 --
898 1809 1014 1851 [lacus]
1034 1811 1187 1843 Lucrinus
1209 1823 1304 1853 prope

53 1852 156 1884 Baias.
167 1869 211 1874 —
223 1850 331 1892 [sentit
345 1851 489 1893 amorem]
504 1854 598 1883 “mox
613 1854 780 1893 experitur,
793 1856 910 1892 quanta
922 1855 1091 1894 cupiditate
1101 1857 1210 1895 flagret
1221 1858 1304 1888 dives

51 1895 116 1931 ille,
137 1896 305 1926 multorum
325 1896 548 1935 mancipiorum
561 1897 669 1927 herus?
715 1898 832 1928 Sentire
848 1898 885 1927 de
902 1908 934 1928 re
954 1899 1086 1937 ingrata,
1104 1906 1138 1929 ut
1154 1901 1211 1930 Od.
1227 1900 1258 1937 3,
1276 1900 1304 1937 l,

44 1937 106 1975 34.
121 1939 283 1969 Contracta
294 1941 390 1978 pisces
402 1949 522 1979 aequora
536 1942 669 1970 sentiunt
679 1952 689 1970 .·
706 1940 736 1970 h.
753 1941 772 1970 l.
789 1947 913 1979 propter
929 1942 1034 1977 moles,
1047 1943 1158 1981 quibus
1169 1949 1304 1973 coarcta-

53 1987 114 2013 tur.
128 1998 172 2004 —
187 1980 407 2022 [Festinantis]
430 1984 506 2012 Cato
530 1983 694 2013 Censorius
716 1984 799 2022 apud
818 1985 898 2014 Geli.
916 1984 965 2020 16,
984 1985 1034 2023 14,
1053 1987 1112 2018 Qui
1128 1997 1218 2016 unum
1232 1988 1308 2027 quid

48 2029 170 2056 nature
191 2027 348 2065 transigit,
369 2027 395 2055 is
413 2030 576 2065 properam
599 2028 651 2066 qui
666 2028 761 2057 multa
779 2028 869 2057 simul
888 2029 993 2066 insipit
1015 2039 1108 2068 neque
1127 2031 1256 2068 perficit,
1279 2032 1306 2061 is

43 2065 188 2109 festinat.
203 2085 246 2090 —
264 2066 401 2108 [Fecerit
425 2068 605 2109 auspicium]
634 2072 642 2086 ⁴
658 2070 752 2100 Dives
776 2070 833 2100 iste
860 2080 971 2100 caecam
994 2077 1025 2101 et
1050 2073 1147 2102 morbi
1173 2073 1306 2104 similem

44 2110 214 2143 *libidinem
227 2121 315 2141 suam
330 2112 373 2141 ita
387 2112 535 2151 sequitur,
551 2122 586 2142 ac
601 2112 626 2142 si
639 2118 719 2142 esset
734 2112 904 2152 auspicium
919 2114 1068 2144 divinitus
1083 2116 1189 2146 datum
1202 2117 1305 2147 numi·-

22 2154 142 2193 -pniave
155 2155 287 2194 alicujus
303 2156 446 2193 jussum.¹
493 2156 578 2194 virg.
595 2156 667 2185 AEn.
683 2157 714 2192 9,
735 2156 805 2193 185,
825 2168 864 2187 an
882 2168 938 2187 sua
958 2159 1064 2197 cuique
1087 2160 1160 2189 deus
1173 2161 1214 2198 fit
1236 2161 1307 2191 dira

46 2199 162 2238 mido
173 2200 189 2228 Γ
204 2214 248 2220 —-
265 2195 432 2238 [Teanum]
450 2199 459 2215 ‘
470 2199 627 2228 Praevideo
643 2199 716 2236 fore,
740 2205 774 2229 ut
790 2201 931 2230 Teanum
955 2201 1127 2231 Sidicinum
1148 2211 1226 2234 xxx.
1242 2205 1307 2234 mil.

50 2249 137 2281 με.
149 2251 168 2271 a
180 2240 264 2271 Baiis
277 2247 439 2276 remotum,
450 2251 502 2271 vos
512 2243 621 2281 jubeat
632 2241 836 2272 instrumenta
848 2244 966 2273 deferre
982 2243 1087 2283 ibique
1099 2246 1190 2276 aliam
1202 2247 1308 2277 villam

51 2285 235 2320 waere!
280 2285 448 2315 “Primum
473 2286 590 2323 gaudet
610 2285 773 2315 maritimis
795 2287 879 2322 locis,
902 2287 1048 2317 continuo
1071 2295 1139 2327 post
1161 2291 1308 2320 mediter-

51 2327 343 2406 m''t·comm.
371 2329 479 2360 Cr.—
496 2326 654 2369 [Tolletis]
686 2330 797 2368 arguta
825 2330 1071 2370 breviloquentia
1098 2334 1197 2364 verbis
1233 2333 1310 2374 ipsis

178 2381 198 2402 u
213 2377 284 2403 itur.
