1390 2586
1365 0 1390 29 ⁵7⁶·-

138 87 222 129 248
566 90 931 121 INTERPRETATIO.
1243 88 1366 131 [arser.
1379 102 1386 124 a

140 187 307 224 Tarentini,
330 197 347 217 a
364 189 397 217 C.
423 187 509 217 Livio
533 189 699 218 Salinatore
723 191 760 218 ob
783 188 898 226 ingenii
921 188 1063 218 meritum
1086 188 1224 218 libertate
1249 188 1363 226 donati,

132 230 192 267 -qui
222 239 294 259 A.u.
312 239 339 259 c.
363 231 433 264 514,
456 240 535 260 auno
560 238 630 261 ante
659 232 792 260 Ennium
820 237 935 267 natum,
957 231 1072 269 primus
1100 232 1206 260 Romae
1231 231 1363 261 fabulam

140 272 252 310 docuit,
277 274 504 310 Odysseamque
533 274 565 302 in
597 274 738 302 Latinum
768 273 915 302 convertit
937 273 1070 302 versibus
1098 273 1255 303 Saturniis.
1299 273 1362 304 cie.

139 314 225 343 Brut.
245 315 293 348 18,
319 316 449 354 Odyssea
460 316 571 345 Latina
587 321 631 345 est
645 318 695 352 sic,
718 321 863 354 tamquam
878 326 948 354 opus
962 317 1081 354 aliquod
1095 316 1225 344 Daedali.
1359 318 1362 322 '

179 356 313 386 66—68.
338 355 438 396 [nimis
451 357 586 398 antique]
612 360 619 373 ‘
631 356 804 398 ἀρχαϊκῶς,
818 358 849 386 in
866 358 998 392 modum,
1014 359 1066 396 qui
1082 358 1221 396 praesenti
1236 366 1364 387 consue-

137 399 236 427 tudini
253 398 370 428 Latinae
385 401 553 437 repugnat!
598 401 646 430 Sic
660 401 751 429 etiam
767 401 931 437 Augustus,
947 401 1031 438 cujus
1042 399 1222 429 sententiam
1238 399 1363 438 pulchre

138 447 262 469 noverat
291 447 388 479 poeta,
419 444 563 472 cacozelos
586 447 616 472 et
643 443 886 482 antiquarios,
909 446 941 471 ut
969 443 1082 471 diverso
1106 452 1212 481 genere
1235 443 1360 478 vitiosos,

132 484 205 521 pari
217 481 345 520 fastidio
370 486 489 522 sprevit.
542 485 625 514 Suet.
652 486 717 514 Oct.
744 484 794 514 86.
814 500 856 504 —-
874 482 1028 523 [pleraque
1059 483 1084 522 (¹
1103 482 1274 522 permulta.’
1302 493 1363 513 non

138 525 146 540 ⁶
162 525 324 563 plurima’)
349 525 438 566 dure]
463 527 492 555 in
514 527 778 565 compositionibus
800 528 836 555 ab
858 527 982 564 reliquae
1001 527 1112 564 linguae
1132 526 1232 555 indole
1252 526 1362 555 abhor-

137 567 282 603 rentibus,
303 569 573 598 constructionibus
594 569 752 607 intricatis,
770 569 880 598 scabris
903 569 1048 598 versibus.
1061 585 1102 589 —
1116 565 1254 607 [ignave]
1277 569 1286 583 ‘
1298 568 1363 598 sine

137 610 237 638 nervis
260 620 294 639 ac
319 611 485 648 sanguine,’
513 611 614 649 qualia
638 609 724 651 ἀργὰ
747 609 798 640 καὶ
826 609 885 641 τὸν
911 609 1079 647 ἀκροατὴν
1103 608 1234 650 ἠρεμεῖν
1259 608 1363 642 ἐῶντα

137 652 274 681 nominat
296 653 385 682 Dion.
415 653 541 691 Longin.
569 654 619 688 34,
644 654 673 688 4,
700 664 759 683 non
789 653 860 682 satis
890 650 1360 692 naonrenci.—[Jove-aequo]

136 694 144 708 ‘
158 694 290 732 Propitio
312 695 387 730 sibi;
412 696 487 724 Jove
509 696 632 734 quidem
657 697 733 726 irato
756 696 799 731 fit,
823 700 857 724 ut
878 701 980 724 errent
1001 695 1138 724 homines
1160 704 1193 724 ac
1213 694 1362 724 delirent-¹

135 736 244 774 Porph-

178 778 310 814 69—72.
336 778 490 819 [insector]
523 781 680 815 Construe‚
703 781 770 810 Non
790 781 915 809 insector
934 781 1065 809 carmina
1080 780 1161 809 Livii
1184 779 1362 818 delendaque

136 830 172 850 ea
194 831 254 850 esse
276 832 349 858 reor,
373 823 403 851 id
424 828 479 858 est,
505 825 512 838 ‘
529 833 588 852 non
611 823 752 860 equidem
774 828 835 851 tam
855 822 973 851 insenso
993 832 1060 851 sum
1082 822 1183 851 animo
1199 820 1230 850 in
1248 826 1362 850 veteres

135 869 251 892 nostros
278 870 389 902 poetas,
421 871 453 893 ut
475 865 605 903 exempli
626 866 723 902 gratia
750 865 826 893 Livii
851 864 1018 894 Andronici
1043 865 1153 903 scripta
1174 863 1366 892 obliteranda.

135 911 166 934 et
181 915 217 934 ex
233 907 390 935 hominum
405 907 543 936 manibus
559 908 589 936 in
606 913 783 946 perpetuum
803 907 1011 944 extorquenda
1025 906 1183 936 censeam.’
1228 905 1361 935 Orbilius

135 948 272 986 Pupillus
287 955 400 984 autem,
418 954 493 978 teste
510 950 589 979 Suet.
606 951 740 979 Gramm.
756 950 785 985 9,
808 949 939 988 primum
954 949 1105 986 apparitor
1120 948 1362 986 magistratuum,

136 990 206 1018 dein
223 991 318 1026 miles,
341 997 525 1029 postremum
547 992 663 1026 studiis,
689 1002 756 1030 quae
773 993 837 1030 jam
859 992 930 1020 inde
946 1001 963 1019 a
983 1001 1077 1029 puero
1094 1001 1152 1020 non
1170 990 1274 1019 leviter
1289 989 1360 1018 atti-

134 1039 228 1070 gerat,
254 1033 398 1071 repetitis,
414 1034 663 1072 quinquagesimo
678 1035 799 1063 demum
815 1043 895 1062 anno
911 1034 1039 1062 Romam
1056 1033 1144 1062 rediit
1160 1042 1190 1062 A.
1203 1041 1233 1061 υ.
1246 1040 1272 1061 ο.
1289 1031 1360 1068 691,

134 1075 210 1104 adeo
226 1081 268 1110 ut,
284 1085 377 1113 quum
395 1077 537 1105 Horatius
550 1083 637 1106 natus
652 1086 676 1105 a.
693 1076 764 1111 689,
780 1086 848 1105 eum
865 1076 969 1105 audire
985 1081 1100 1113 poterat
1116 1075 1161 1114 (A.
1173 1083 1240 1104 u.c.
1257 1074 1374 1109 704--=

135 1115 223 1154 706),
250 1118 408 1146 minimum
435 1126 522 1147 Lxlv.
548 1128 642 1148 annos
672 1124 759 1147 natus
788 1115 1124 1156 essen—[plagosum]
1159 1118 1205 1146 De
1234 1116 1360 1154 antiqua

135 1159 304 1188 scholarum
319 1159 480 1198 disciplinxi⁴
494 1161 546 1190 cfr.
566 1161 659 1190 Plaut.
677 1161 818 1190 Bacchid.
834 1160 863 1195 3,
879 1160 909 1197 3,
923 1160 973 1195 27,
997 1161 1046 1189 ubi
1066 1161 1222 1190 revenisses
1237 1159 1360 1195 domum,

139 1201 301 1231 Cinctz'culo
322 1204 496 1240 praecz'nctus
522 1205 552 1232 in
577 1204 649 1232 selld
672 1204 751 1241 apud
771 1204 941 1241 magistrum
961 1203 1131 1236 adsiderem
1159 1203 1230 1231 Tum
1254 1202 1360 1230 librum

135 1244 253 1282 legeres.
298 1245 331 1274 Si
354 1255 441 1274 unam
462 1247 641 1283 peccavisses
661 1246 814 1284 syllabam,
844 1245 946 1274 Fieret
967 1245 1076 1274 corium
1094 1248 1154 1273 tam
1175 1244 1360 1278 maculosum,

135 1295 221 1324 quam
244 1291 287 1316 est
307 1288 431 1316 nutricis
448 1289 579 1325 pallium.
626 1289 706 1317 Suet.
725 1288 828 1316 Gram.
847 1287 876 1322 9,
901 1287 974 1316 Fuit
987 1291 1083 1316 autem
1100 1286 1231 1315 Orbilius
1245 1290 1361 1315 natura

134 1330 246 1357 acerbae
261 1339 315 1357 non
330 1330 410 1358 modo
425 1331 454 1358 in
469 1331 685 1368 antisophistas,
708 1340 777 1369 quos
799 1330 874 1358 omni
890 1339 1016 1358 sermone
1031 1329 1181 1363 laceravit,
1205 1328 1258 1357 sed
1271 1329 1360 1357 etiam

134 1371 166 1399 in
181 1371 344 1408 discipulos,
360 1375 394 1400 ut
409 1372 553 1401 Horatius
567 1373 714 1411 significat
725 1373 912 1411 plagosum
927 1381 990 1400 eum
1005 1372 1155 1409 appellans
1169 1374 1198 1400 et
1213 1370 1360 1399 Domitius

133 1412 254 1442 Marsus
276 1415 404 1442 scribens
435 1415 583 1453 Siquos
607 1415 773 1444 Orbilius
794 1412 923 1451 serula
953 1415 1168 1452 scuticdque
1198 1413 1360 1447 cecidit,

135 1455 189 1484 διο.
202 1471 244 1476 -—
257 1454 401 1495 [dictare]
427 1454 701 1496 ἀποστοματίζειν
718 1457 801 1485 Plato
818 1455 951 1493 Euthyd.
975 1465 1002 1493 p.
1019 1455 1089 1490 276,
1115 1455 1148 1484 C.
1173 1456 1180 1470 ¹
1194 1464 1264 1483 voce
1278 1454 1359 1483 lente

133 1497 251 1534 praeire,
282 1504 314 1527 ut
338 1498 452 1527 calamo
476 1499 686 1536 exciperentur
711 1505 750 1534 et,
776 1498 924 1536 explicata
953 1506 1045 1535 quum
1071 1502 1180 1532 essent,
1205 1496 1359 1525 memoriae

133 1540 368 1569 mandarentur.'
378 1556 419 1561 —-
430 1539 572 1580 [exactis]
597 1538 858 1581 ἐξειργασμένοις,
874 1536 1144 1580 διακριβωμένοις,
1159 1538 1305 1577 perfectis.
1317 1552 1360 1559 —-

135 1579 255 1620 [miror]
282 1582 364 1611 ldem
381 1583 445 1621 jam
461 1583 557 1612 fuerat
573 1584 725 1612 Ciceronis
741 1583 890 1621 judicium
906 1582 1083 1611 nominatim
1107 1582 1144 1611 de
1161 1581 1258 1619 Livio,
1274 1581 1359 1610 Brut.

135 1623 184 1656 18,
207 1622 461 1662 Livianaefabulae
476 1636 531 1655 non
545 1627 619 1655 salis
634 1627 740 1665 dignae,
756 1635 819 1664 quoe
834 1626 939 1654 iterum
954 1625 1099 1663 legantur.

174 1665 306 1701 73-75.
331 1665 479 1706 [emicuit]
513 1668 618 1697 ‘Inter
640 1678 706 1706 quae
733 1667 867 1697 carmina
895 1666 971 1696 Livii
1000 1672 1030 1695 et
1058 1671 1156 1695 cetera
1184 1665 1309 1702 antiqua
1333 1664 1359 1694 si

132 1710 256 1736 verbum
278 1719 315 1737 ex
333 1710 484 1747 insperato
505 1710 642 1748 apparuit
664 1717 693 1739 et
714 1719 773 1748 prae
792 1708 897 1738 ceteris
919 1708 1152 1747 pulchritudinis
1175 1718 1236 1736 suae
1259 1707 1359 1746 specie

132 1750 267 1779 animum
283 1752 399 1780 lectoris
415 1752 451 1780 ad
467 1762 499 1781 se
514 1753 662 1782 advenit!
709 1752 854 1789 intelligit
869 1752 1036 1790 praesertim
1058 1751 1148 1779 verba
1170 1749 1296 1779 feliciter
1311 1749 1359 1778 vel

131 1792 265 1821 derivata
289 1794 335 1822 vel
361 1794 532 1832 composita.
554 1811 595 1816 —
618 1792 813 1833 [concinnior]
849 1796 857 1810 ⁴
873 1803 932 1823 non
961 1793 1060 1822 solum
1089 1792 1200 1830 regulis
1225 1790 1358 1821 metricis

129 1834 324 1871 satisfaciens,
340 1845 443 1865 verum
460 1830 551 1865 etiaim
566 1847 639 1866 sono
654 1837 718 1874 ipso
733 1837 854 1865 auribus
865 1841 968 1873 gratus
983 1845 1016 1864 ac
1031 1835 1084 1870 rei,
1100 1844 1190 1872 quam
1205 1833 1358 1872 exprimit,

129 1886 250 1914 prorsus
266 1878 517 1907 conveniens.’—
530 1877 644 1918 [ducit]
669 1882 675 1894 ‘
686 1879 750 1908 sine
773 1880 863 1908 causa
887 1884 916 1907 et
936 1877 1086 1906 immerito
1102 1878 1191 1905 verba
1210 1882 1242 1905 et
1256 1885 1358 1905 versus

129 1919 244 1957 aliquot
259 1920 374 1958 pulchri
391 1930 491 1950 secum
507 1921 621 1950 ducunt
638 1927 732 1950 totum
749 1931 864 1959 poema,
886 1930 950 1959 quo·
961 1920 1026 1948 sine
1046 1919 1091 1947 his
1107 1918 1178 1948 locis
1193 1918 1359 1947 illustribus

130 1962 288 1999 pervenire
311 1972 371 1991 non
391 1968 499 2001 posset,
522 1964 553 1992 id
568 1971 622 1998 est,
645 1964 675 1992 in
699 1964 824 1998 theatra,
847 1963 879 1991 in
896 1961 1159 1999 grammaticorum
1175 1961 1301 1995 scholas,
1324 1959 1357 1988 in

130 2003 314 2041 privatorum
334 2015 453 2043 quoque
475 2004 680 2042 bibliothecas,
702 2011 792 2043 atque
810 2005 881 2034 talia
903 2005 934 2033 in
955 2005 1020 2033 loca
1034 2004 1212 2042 perductum
1231 2003 1358 2032 vendam

130 2055 153 2074 s.
175 2046 396 2083 commendant,
420 2048 595 2086 applausum
621 2048 648 2077 ei
672 2048 852 2077 conciliant.'
901 2047 1030 2076 Vendere
1052 2046 1133 2074 enim
1157 2051 1187 2074 et
1208 2045 1358 2074 venditare

125 2097 229 2126 poema
244 2089 289 2118 vel
303 2091 459 2119 arationem
475 2097 519 2118 est
536 2092 544 2107 ‘
558 2100 623 2119 eam
639 2089 869 2119 commendare.’
914 2089 976 2119 Cic.
990 2089 1027 2116 ad
1046 2089 1106 2117 Att.
1125 2087 1173 2124 13,
1190 2086 1237 2121 12,
1261 2087 1356 2124 Liga-

129 2131 243 2159 rianam
270 2133 412 2169 proeclare
440 2134 607 2162 vendidisti.
645 2134 692 2162 Ad
719 2134 782 2162 Att.
807 2132 833 2167 1,
859 2131 907 2168 16,
942 2131 1033 2160 Valde
1057 2134 1084 2159 te
1108 2129 1264 2159 venditavi.
1309 2127 1358 2157 Sic

129 2173 284 2202 vendibilis
298 2179 396 2204 orator
411 2175 472 2203 Cic.
487 2175 570 2204 Brut.
586 2175 636 2210 47,
661 2176 668 2190 ‘
679 2174 849 2212 probabilis,
865 2172 918 2212 qui
934 2173 1044 2210 populo
1059 2172 1176 2211 placet)

172 2214 221 2250 76,
238 2215 287 2249 77·
312 2215 442 2256 [crasse]
466 2223 499 2246 ut
521 2219 621 2246 crassa
635 2218 772 2246 Minerva
795 2215 870 2255 (Sat.
883 2217 911 2251 2,
925 2216 954 2250 2,
964 2215 1010 2252 3).
1037 2215 1098 2244 Cic.
1115 2214 1152 2242 ad
1169 2213 1252 2242 Fam.
1264 2211 1295 2249 9,
1308 2211 1356 2246 12,

129 2255 167 2286 de
182 2258 236 2286 sua
253 2258 465 2288 Deiotariana:
488 2261 686 2289 munusculum
701 2260 852 2294 levidense,
875 2268 973 2288 crasso
983 2258 1046 2296 filo.
1090 2255 1233 2288 Quinctil·
1258 2254 1284 2289 l,
1309 2254 1356 2289 10,
