1390 2586
20 116 89 142 ω.
102 115 141 140 11.
157 105 208 149 6.]
454 104 831 135 INTERPRETATIO.
1188 102 1270 146 173

20 219 83 241 non
98 207 200 246 fuerit,
214 205 291 238 mibi
304 206 468 246 postmodo
484 215 597 236 noxam
613 205 750 236 afferet:'
772 215 810 235 ex
832 204 952 235 Biantis
974 203 1028 234 illa
1050 201 1176 245 γνώμῃ,
1199 214 1269 243 qnae

20 253 54 284 in
72 251 267 293 proverbium
289 250 382 280 abiit:
406 247 546 290 Ἐγγύα,
569 247 662 290 πάρα
686 246 712 278 δ’
737 247 813 279 ἄτα.
828 265 870 270 -
887 246 984 288 [clare
1007 245 1193 287 certumque]
1214 249 1269 278 Est

22 296 80 327 hoe
104 305 143 327 ex
165 294 364 326 formularum
388 303 540 328 sermone,
565 302 602 322 ex
627 303 688 331 quo
711 293 795 331 apud
815 292 1050 332 jurisconsultos
1073 296 1156 321 certa
1178 292 1270 322 verba

21 340 127 370 endem
141 342 213 369 sunt
226 347 261 368 ac
274 337 436 367 sollemnia
451 342 482 366 et
496 336 652 374 legitima:
676 341 843 375 utrumque
858 341 961 365 autem
978 344 1009 365 v.
1023 335 1065 364 ita
1075 334 1220 374 jungitur
1235 334 1269 364 in

19 382 151 413 fornulfi
171 381 251 421 apud
274 379 339 410 Liv.
358 379 386 416 l,
410 380 458 414 18,
474 380 675 419 Jupiter-tu
696 380 784 419 signa
806 380 891 409 nobis
909 383 992 409 certa
1009 379 1194 408 adclarassis
1202 389 1213 412 ,-
1236 382 1268 407 et

108 435 144 456 us
165 429 199 455 ut
213 424 244 454 h.
259 423 279 453 l.
298 424 381 463 apud
404 424 510 453 Senec.
537 423 615 453 Lud.
632 422 660 459 1,
682 433 863 462 quaecunque
886 423 998 458 audivi,
1021 426 1105 452 certa
1126 422 1268 462 claraque

19 468 121 508 ψη.
134 483 179 490 —-
193 464 417 508 [Luctandum]
435 468 444 483 ‘
454 476 574 496 summo
589 467 692 496 labore
707 466 933 505 penetrandum
948 471 992 495 est
1008 475 1063 504 per
1080 466 1210 501 turbam,
1225 465 1271 495 ita

4 532 6 534 v
21 517 56 542 ut
68 511 100 542 in
115 511 263 542 tardiores
277 510 447 550 impingam
463 519 576 549 eosque
591 510 722 549 pulsem,
737 515 830 548 atque
853 509 930 539 adeo
950 510 1007 539 etsi
1023 508 1139 538 invitus
1154 508 1270 548 injuria

2 575 6 578 -
19 565 72 586 eos
85 554 236 585 afficiam.¹

62 597 198 629 29--31-
221 595 325 637 [Quid
344 598 398 632 vis,
421 593 542 635 insane]
558 596 615 626 Vv-
637 596 703 626 haec
721 595 809 634 quasi
832 595 864 625 in
887 594 1051 625 formulam
1075 596 1270 625 transierant.

5 640 84 673 ·Cie.
100 641 139 671 de
154 641 209 671 Or.
223 641 254 676 2,
270 640 322 676 67,
342 641 423 673 Quid
442 640 498 670 tibi
512 641 565 675 vis,
581 641 684 670 insane
696 641 712 668 ἲ
735 640 872 678 itemque
891 639 973 678 apud
994 638 1131 677 Propert.
1151 638 1177 675 1,
1193 639 1223 674 5,
1239 638 1270 669 3.

18 698 63 707 —-
78 682 244 725 [improbus
259 681 364 724 urget]
380 689 446 713 est:
469 682 554 713 ‘sine
570 683 632 712 ullo
647 683 764 721 pudore
782 693 818 713 ac
839 682 931 712 modo
947 691 996 711 me
1011 682 1179 711 insectatur
1196 682 1271 712 diris

7 727 367 767 >imprecationibus!—*
384 725 435 767 [tu
455 724 572 766 pulses]
599 726 792 763 Quomodo,
817 726 933 755 malum
961 723 1078 764 (inquit
1104 723 1271 764 pulsatus),

4 793 7 795 -
21 772 116 802 andes
130 771 304 810 impingere
320 770 351 800 in
365 779 472 800 omnes
485 770 536 808 qui
555 770 608 799 tibi
625 771 758 806 obstant,
771 779 884 808 eosque
897 769 934 798 de
945 769 994 798 via
1007 770 1170 798 deturbare
1183 769 1195 798 2
1206 769 1214 782 ’
1228 784 1272 790 -—

37 815 65 844 οἱ
85 811 240 853 recurras]
256 816 264 830 ‘
278 813 330 843 ubi
354 823 392 843 ex
414 813 494 843 Foro
517 813 556 843 ad
577 813 791 850 Maecenatem,
810 812 898 852 quasi
919 812 1003 852 apud
1018 822 1089 841 eum
1105 812 1271 849 habitares,

4 864 9 885 t
66 857 203 887 tinanter
215 857 344 886 redeas!

65 899 202 930 32-35,
225 897 308 940 [Hoc
320 897 430 940 juvat]
448 900 456 915 ‘
468 908 548 938 saepe
571 899 704 929 invisere
729 898 954 929 Maecenatem.’
969 914 1013 920 ——-
1029 896 1102 939 [non
1124 896 1271 939 mentiar]

23 943 139 974 'libere
163 943 301 973 fatebor.¹
347 943 406 973 Est
430 942 579 973 sermonis
603 942 785 982 quotidiani.
831 942 895 972 Cic.
918 943 957 971 ad
979 942 1064 971 Fam.
1087 942 1117 975 3.
1139 942 1167 978 4,
1187 943 1275 974 Quod

22 987 208 1018 scribto—411
234 987 316 1023 mihi,
339 996 376 1016 ne
399 987 538 1022 mentiar,
558 991 682 1026 gratum
705 990 758 1016 est.
775 1003 816 1008 —
832 983 950 1026 [atras]
977 985 1049 1024 quia
1075 986 1147 1014 olim
1173 985 1274 1015 fuerat

22 1029 121 1070 plebis
135 1029 250 1060 infimae
264 1030 489 1069 sepulcreturn:
510 1035 584 1059 tunc
599 1039 672 1059 vero
690 1030 782 1059 turris
797 1029 1018 1059 Maecenatiana
1037 1039 1106 1058 cum
1128 1029 1216 1058 horto
1231 1028 1277 1058 ibi

23 1078 179 1104 exstructa
202 1077 277 1103 erat.
322 1074 384 1103 Sat.
403 1073 430 1109 l,
446 1073 476 1111 8,
495 1072 543 1102 14.
559 1089 602 1095 —-
619 1073 769 1110 [centum]
799 1074 962 1102 ‘sexcenta
984 1072 1107 1109 negotia
1128 1073 1166 1102 ab
1190 1071 1275 1102 omni

23 1122 112 1156 parte
135 1126 186 1146 me
209 1121 324 1146 vexant
346 1122 377 1146 et
400 1116 487 1155 quasi
509 1116 756 1146 circumvallant:
795 1114 882 1155 (Ter.
907 1116 964 1145 Ad.
988 1116 1017 1150 3,
1041 1116 1072 1150 2,
1095 1115 1140 1153 4.)
1154 1114 1275 1155 —-[se-

23 1157 168 1198 eandam]
184 1160 272 1190 nobis
287 1169 326 1189 ex
342 1159 434 1190 variis
449 1159 523 1189 anni
536 1160 725 1199 temporibus
742 1160 789 1189 vel
811 1160 901 1189 sexta
916 1159 965 1189 vel
985 1159 1128 1198 septima,
1147 1158 1277 1188 Horatio

25 1202 133 1242 utique
147 1202 222 1233 satis
240 1203 451 1236 incommoda:
476 1203 642 1241 argentarii
659 1208 766 1232 contra
788 1208 862 1232 tunc
877 1202 1009 1241 negotiis
1023 1212 1130 1232 vacare
1147 1201 1277 1240 incipie-

24 1246 109 1277 bant.
146 1245 210 1276 Cic.
224 1256 280 1285 pro
294 1246 424 1279 Quintio
435 1246 467 1276 6.
479 1262 523 1268 --
537 1243 681 1286 [Roscius
695 1243 819 1285 orabat]
836 1247 938 1275 Verba
960 1251 1033 1275 sunt
1054 1245 1133 1275 servi
1152 1245 1254 1275 Roscii
1267 1257 1275 1280 ;

25 1288 240 1328 imperfectum
255 1295 371 1325 autem,
385 1289 467 1328 quod
483 1290 642 1329 praesentis
655 1290 719 1319 vice
731 1289 819 1328 fungi
835 1289 952 1325 dicunt,
963 1289 1064 1328 potius
1080 1289 1122 1318 sic
1136 1288 1275 1328 explica:

25 1333 151 1363 ‘orabat
166 1341 204 1362 eo
219 1332 365 1372 temporis
379 1337 504 1372 puncto,
517 1342 579 1371 quo
594 1342 644 1362 me
658 1333 716 1362 hoc
731 1332 786 1362 tibi
800 1332 943 1362 nuntiare
953 1332 1118 1371 jussit.’—
1131 1329 1277 1371 [Puteal]

27 1375 152 1415 Duplex
168 1380 235 1406 erat
250 1376 362 1406 Puteal
374 1375 407 1405 in
425 1376 504 1406 Foro
519 1376 670 1411 Romano,
687 1376 817 1405 alterum
830 1375 861 1404 in
875 1375 1019 1412 Comitio,
1033 1385 1094 1413 quo
1108 1376 1172 1405 Atti
1185 1375 1278 1405 Navii

27 1427 79 1449 cos
101 1425 132 1449 et
154 1419 303 1448 novacula
325 1418 445 1449 defossa
466 1424 532 1449 erat
547 1418 626 1458 (Cic.
643 1419 681 1448 de
699 1418 768 1448 Div.
792 1418 818 1454 l,
836 1418 902 1458 17),
918 1419 1059 1454 alterum,
1081 1420 1119 1448 de
1143 1428 1204 1457 quo
1227 1418 1278 1448 hic

25 1462 174 1501 loquitur,
197 1472 291 1501 prope
313 1471 418 1492 arcum
442 1462 622 1498 Fabianum,
639 1463 750 1492 Puteal
763 1462 889 1492 Libonis
905 1461 1000 1501 (Epp.
1019 1461 1045 1496 l,
1066 1461 1113 1497 19,
1131 1462 1161 1492 8.
1193 1462 1277 1492 Pers.

26 1505 59 1540 4,
84 1505 140 1544 49)
167 1505 302 1535 PVTEAL
327 1507 579 1535 SCRIBONianum
603 1506 635 1534 in
660 1505 794 1535 denariis
817 1505 918 1544 gentis
941 1505 1108 1534 Scriboniae
1125 1505 1277 1544 (Eckhel.

29 1548 68 1579 D.
82 1548 122 1579 N.
137 1549 167 1583 5,
180 1559 209 1588 p.
224 1547 315 1588 301),
331 1548 430 1578 forma
444 1548 619 1579 exhibetur.
651 1550 669 1565 ‘⁸
684 1549 733 1578 Ad
749 1559 820 1578 eum
836 1549 935 1578 locum
952 1549 1176 1579 conveniebant
1191 1548 1278 1578 fene-

27 1592 176 1625 ratores.”
197 1593 271 1623 Aer.
283 1608 327 1613 —-
342 1590 476 1632 [adesse]
492 1602 554 1622 non
570 1593 745 1622 advocatum
761 1592 791 1622 in
804 1591 931 1631 judicio,
947 1592 1001 1622 sed
1015 1602 1182 1631 sponsorem
1197 1592 1281 1631 apud

26 1635 247 1674 argentarium,
265 1641 299 1664 ut
314 1636 378 1665 Cic.
394 1645 449 1675 pro
465 1636 594 1668 Quintio
609 1635 640 1666 6.
1033 1639 1036 1641 ’

72 1677 124 1715 36,
141 1678 194 1713 37.
215 1678 279 1717 [De
295 1679 344 1716 re]
371 1680 450 1709 Ecce
472 1679 575 1708 Roscii
599 1688 695 1718 puero
718 1678 895 1719 supervenit
915 1678 995 1708 illico
1010 1678 1178 1708 scribarum
1202 1688 1283 1708 nun-

29 1720 102 1751 tius.
146 1721 271 1751 Etenim
297 1727 366 1761 post
388 1722 484 1752 aciem
510 1722 739 1762 Philippensem
767 1722 926 1759 Horatius,
950 1732 1012 1760 quo
1039 1732 1071 1752 se
1097 1721 1284 1761 patrimonio

30 1764 168 1794 maxima
191 1774 230 1794 ex
250 1772 336 1804 parte
361 1765 524 1805 spoliatum
545 1772 741 1802 sustentaret,
766 1766 914 1805 scriptum
934 1766 1133 1804 quaestorium
1156 1775 1282 1804 compa—

30 1815 131 1843 rarat3
154 1817 261 1837 verum
282 1810 320 1839 ab
347 1807 405 1838 hoc
429 1809 618 1847 quaesticulo,
643 1815 677 1839 ut
703 1809 835 1845 videtur,
861 1809 982 1839 circiter
1006 1818 1111 1839 A.u.c.
1135 1809 1197 1844 717
1215 1811 1282 1848 jam

31 1860 98 1881 nese
113 1857 295 1881 removerat.
339 1851 550 1882 Nihilominus
571 1853 678 1882 scribae
694 1858 816 1892 poetam
839 1853 964 1891 collegae
987 1853 1054 1882 loco
1077 1853 1190 1882 habere
1214 1861 1284 1891 per·

29 1899 140 1933 gentes
155 1903 225 1924 eum
241 1894 398 1924 interdum
418 1895 617 1932 advocabant,
632 1895 685 1925 ubi
700 1898 738 1926 de
754 1897 845 1926 rebus
860 1896 899 1925 ad
915 1906 947 1925 se
967 1896 1194 1935 pertinentibus
1210 1905 1284 1924 con-

21 1937 193 1973 sultarent,
210 1947 272 1976 quo
286 1939 440 1976 postulata
458 1948 524 1975 sua,
539 1939 592 1968 illo
607 1940 689 1978 apud
706 1939 910 1969 Maecenatem
925 1939 1146 1975 intercedente,
1164 1938 1285 1968 facilius

28 1980 220 2011 obtinerent.
234 1996 276 2002 —
293 1979 435 2021 [reverti]
453 1982 461 1997 ‘
474 1991 578 2011 rursus
593 1983 700 2012 adesse
715 1983 747 2012 in
763 1982 903 2021 collegio,
917 1983 968 2012 ubi
986 1983 1023 2012 de
1040 1992 1072 2012 re
1088 1982 1173 2020 gravi
1190 1987 1283 2020 atque

29 2022 256 2063 inexspectata’
273 2022 430 2063 (videlicet
444 2025 560 2062 scribis,
577 2035 646 2055 cum
664 2026 803 2061 Horatio,
820 2031 853 2055 ut
868 2036 900 2055 re
918 2027 992 2056 vera
1009 2031 1084 2061 erat,
1101 2025 1176 2054 levis
1191 2030 1285 2063 atque

27 2066 147 2106 ,exigua
162 2067 330 2104 videretur,
347 2067 405 2097 sibi
420 2074 522 2098 tamen
536 2067 696 2108 molesta);
715 2070 723 2084 ‘
734 2079 864 2108 quaeque
885 2070 924 2099 ad
943 2069 1044 2108 ipsum
1067 2078 1191 2107 quoque
1214 2077 1284 2098 cum

22 2109 144 2141 ,uteris
158 2111 337 2148 pertineret,
351 2111 587 2141 consultandum
603 2111 704 2142 esset!

27 2168 39 2186 r
77 2152 130 2190 38,
141 2153 193 2184 39.
218 2152 406 2194 [Imprimat]
429 2154 497 2184 Hoc
511 2161 598 2193 rogat
618 2156 726 2185 tertius
740 2155 852 2195 aliquis
868 2156 960 2185 homo
975 2154 1162 2193 negotiosus.
1207 2154 1286 2185 Mae-

30 2204 127 2240 mas
141 2203 245 2227 autem
261 2197 342 2227 circa
357 2203 478 2236 tempus
493 2208 606 2237 pugnae
621 2199 763 2234 Actiacae,
782 2208 812 2228 A.
824 2207 854 2229 υ.
863 2207 890 2229 c.
908 2199 980 2234 723,
999 2198 1096 2227 ltaliae
1113 2198 1284 2237 praefectus,

29 2237 167 2273 Gnatis
182 2241 343 2270 Octaviani
355 2241 506 2270 annulum
521 2241 724 2279 signatorium
739 2242 855 2272 habuit.
875 2242 934 2271 Dio
949 2243 1032 2271 Cass.
1049 2241 1100 2274 51.
1117 2242 1146 2272 3.
1163 2258 1206 2265 —
1223 2243 1285 2272 Τα-

34 2282 124 2313 ‘Mle
144 2293 213 2321 quae
234 2283 358 2320 fuerint,
380 2283 520 2314 divinare
541 2294 603 2314 non
626 2294 805 2323 possumus:
829 2285 927 2314 fuitne
943 2285 1088 2324 diploma,
1105 2286 1188 2324 quod
1204 2285 1287 2314 dice-

27 2324 115 2362 *⁸
126 2324 242 2367 (Tacit.
261 2327 342 2358 nist.
358 2327 390 2367 2,
402 2327 444 2358 54
455 2333 487 2358 et
501 2327 570 2367 65),
587 2329 671 2366 quod
685 2329 726 2358 ad
738 2335 838 2359 ratum
854 2328 952 2366 fieret,
967 2338 986 2358 a.
999 2329 1167 2359 Maecenate
1183 2329 1286 2366 obsig-
