1390 2586
74 95 75 98 ’
109 113 290 155 srmone]
495 113 870 145 ιΝΤΕΒΡΒΕΤΛΊ-ιο.
1224 111 1309 155 287

109 214 309 258 fustigavit]
333 214 504 255 ‘expolivit
517 215 536 250 ς’
558 214 651 244 simili
673 214 856 254 metaphora
881 220 915 244 ut
934 215 1064 245 coercuit
1085 215 1252 254 desumpta
1275 215 1314 244 ab

153 260 231 290 Ἱππ.
255 259 412 298 Theophr.
439 259 474 289 C.
499 258 543 288 Pl.
567 258 596 296 1,
617 256 772 293 κολάζειν
794 256 836 288 τὰ
857 255 985 298 δένδρα.
1019 259 1163 288 Philostr.
1186 259 1245 298 Ep.
1265 257 1315 295 13,

62 337 77 342 Η
151 301 227 335 ἔνου
241 301 301 334 οὐκ
315 300 454 344 ἀφανῶς
470 301 546 338 τοὺς
561 299 739 342 διαλόγους
754 299 966 338 κολάζοντος.

59 343 284 379 „flos-300.
307 343 498 386 [Ingenium]
523 347 531 362 ‘
543 346 604 375 Sed
618 345 764 384 permulti
781 352 925 384 poemata
940 355 995 375 sua
1009 345 1080 375 ideo
1097 355 1157 374 non
1174 345 1314 380 elimant,

71 393 74 396 ’
106 389 114 397 ¹
152 389 321 419 Democriti
337 389 520 419 auctoritate
535 388 643 423 abusi,
667 388 829 427 ingenium
845 395 938 427 atque
954 386 1212 428 ἐνθουσιασμόν,
1228 387 1314 418 furo·

147 432 314 473 poeticum,
336 442 428 472 quem
454 432 512 471 ipsi
534 432 592 462 sibi
617 433 769 467 tribuunt,
794 432 885 470 longe
909 438 1098 471 anteponere
1119 432 1220 462 solent
1245 431 1314 468 arti,

137 485 156 506 e
168 475 213 506 illi
226 477 332 506 omnia
346 476 438 506 licere
454 476 657 512 contendunt,
677 474 758 504 hanc
773 477 910 505 miseram
925 485 1001 512 esse,
1022 476 1114 505 nimis
1129 475 1313 505 laboriosam

141 519 280 558 dignam,
310 520 374 558 qua
399 519 574 548 exercenda
601 525 692 557 poeta
714 519 894 557 ingeniosus
919 528 986 548 sese
1011 519 1125 548 frustra
1148 518 1315 548 vexet.'—

160 561 286 602 οσνίειιε]
311 562 376 592 Cic.
403 562 442 591 de
465 563 517 592 Or.
544 562 575 597 2,
601 561 652 591 46.
677 562 716 591 de
742 561 848 592 Divin.
868 561 895 598 1,
919 562 972 598 37,
997 563 1101 602 Negat
1124 563 1189 592 sine
1203 559 1315 600 surore

59 605 253 638 „nummus
266 616 439 646 quemquam
452 610 574 656 poetam
595 615 733 645 magnum
753 615 816 636 esse
834 615 928 644 posse·
973 606 1101 644 Scripsit
1115 614 1220 635 autem
1238 603 1315 646 περὶ

39 676 43 691 ,Ἰ
146 658 230 685 oenc
244 655 274 679 et
294 646 369 689 περὶ
382 645 537 690 Όμηρον.
584 648 672 686 Diog.
692 649 727 678 L.
742 648 772 682 9,
789 646 1000 687 48.—[1›0na
1018 646 1110 688 pars]
1134 658 1260 687 prorsus
1280 654 1315 678 ut

62 700 130 729 nu,
145 693 258 732 “good
274 697 358 732 part.
397 692 443 722 Cf.
460 692 518 721 Od.
542 691 573 727 4,
592 691 624 727 2,
649 692 700 721 42.
723 692 784 721 Sat.
810 692 837 727 l,
861 691 889 727 1,
914 692 1020 722 61.—
1035 690 1165 732 [ungues
1185 689 1313 731 ponere]

45 750 56 771 ρ
86 735 159 769 Quo
171 735 336 765 videantur
350 735 456 765 divino
471 735 524 764 illo
538 734 641 764 furore
656 735 776 774 perciti,
790 745 943 764 summam
959 736 1180 774 negligentiam
1197 735 1230 764 in
1245 745 1314 765 cor-

48 785 65 801 ’κ
94 797 96 800 .
128 793 130 795 ·
152 779 290 808 curando
305 778 472 808 affectant.'
483 794 526 800 —
539 775 652 818 [tribus
669 776 842 818 Anticyris]
866 778 919 808 cfr.
936 779 975 808 ad
992 780 1054 808 Sat.
1070 779 1100 814 2,
1115 779 1147 817 3,
1162 777 1212 808 83.
1248 779 1315 808 Hoc

58 835 64 842 ¹
84 835 87 843 ν
115 821 158 852 't:
190 825 198 839 ⁸
212 822 348 856 Insania,
363 822 412 851 cui
429 827 476 851 ter
490 826 612 851 tantum
627 821 788 858 hellebori,
805 828 954 860 quantum
972 822 1134 861 Anticyrae
1148 822 1316 861 quotannis

53 878 59 882 ·
77 884 81 885 ν
97 865 183 900 escit,
198 865 316 895 mederi
333 875 394 894 non
409 865 515 904 possit,
530 865 562 894 id
577 869 633 900 est,
648 874 772 903 prorsus
788 865 989 895 insanabilis!

44 910 52 929 ἶ
105 907 287 940 aul—309.
310 906 450 948 [Licino]
476 909 495 925 ¹⁴
508 908 631 938 Nomen
646 913 693 937 est
712 908 842 938 tonsoris
863 908 983 943 famosi,
1007 909 1060 947 qui
1081 914 1188 948 postea
1202 907 1316 938 dicitur

0 969 2 976 v
54 949 162 984 sactus
175 958 300 982 senator
314 962 334 981 a
348 952 480 988 Caesare,
504 951 587 990 quod
603 951 719 981 odisset
734 951 926 990 Pompeium,
948 953 987 982 de
1003 962 1063 990 quo
1086 952 1144 981 hoc
1166 952 1316 990 scriptum

90 998 114 1025 t
135 995 349 1034 epitaphium:
373 995 544 1025 Mar-mereo
566 995 678 1024 tumulo
701 995 826 1024 Licinus
843 994 941 1034 jacet,
968 1000 1000 1025 at
1021 996 1095 1025 Cato
1118 996 1209 1031 nullo,
1226 995 1315 1025 Pom·

57 1039 149 1080 ‘peius
160 1048 254 1078 parvo
265 1049 276 1067 .·
299 1039 366 1078 quie
378 1042 464 1077 putet
478 1048 540 1068 etse
554 1038 624 1068 deos
635 1037 672 1068 ?''
698 1039 821 1068 Sel-101..
832 1054 874 1059 —
885 1037 931 1078 [0
945 1049 999 1078 ego
1015 1037 1121 1078 Ioevus]
1147 1038 1232 1077 Virg.
1251 1038 1316 1068 Ecl.

44 1079 98 1122 „⁴1⁹
115 1079 164 1118 16,
181 1087 211 1111 et
227 1081 299 1111 AEn.
316 1082 347 1116 2,
362 1081 414 1117 54,
434 1082 468 1112 Si
485 1091 565 1112 mene
581 1091 638 1110 mm
654 1082 728 1111 laeva
741 1079 866 1120 suisset.
912 1081 923 1097 ‘
934 1083 960 1111 Ο
978 1091 1028 1111 me
1051 1082 1211 1111 hominem
1235 1091 1316 1121 prae-

76 1139 78 1145 =
94 1129 234 1160 ·terum,
245 1125 299 1164 qui
313 1134 444 1163 magnos
457 1125 532 1154 istos
547 1130 653 1163 poetas
669 1135 731 1154 non
748 1125 897 1160 imitatus,
909 1125 1055 1155 remediis
1071 1125 1111 1154 ad
1123 1125 1316 1164 purgandam

41 1171 56 1187 '¹
75 1167 95 1192 ι
98 1167 160 1198 lem
184 1168 264 1207 aptis
289 1168 456 1206 quotannis
479 1173 549 1198 utor
564 1167 581 1196 !'
628 1167 688 1197 Bili
712 1168 796 1197 enim
819 1168 998 1198 tribuebant
1020 1167 1319 1209 μελαγχολίαν.-

36 1210 50 1227 7
61 1207 206 1252 [horam]
231 1211 324 1241 ‘anni
345 1211 488 1250 tempus‚'
505 1216 540 1240 ut
556 1211 615 1241 od.
633 1210 663 1246 3,
680 1211 729 1247 13,
745 1211 827 1241 9.-
839 1209 915 1251 [Nil
928 1214 1007 1242 tanti
1021 1209 1083 1251 est]
1108 1214 1116 1227 ⁸
1130 1211 1214 1241 Nihil
1239 1211 1318 1241 tanti

50 1253 196 1290 testimo,
223 1254 309 1284 nulla
332 1264 458 1293 prorsus
482 1254 560 1284 mihi
583 1263 676 1284 causa
697 1260 752 1290 est,
778 1264 833 1284 cur
855 1265 987 1293 magnus
1013 1262 1104 1293 poeta
1129 1256 1168 1284 ad
1193 1255 1317 1284 illorum

43 1297 183 1338 jot-ilicet
197 1297 359 1327 modulum
374 1297 442 1327 fieri
458 1297 592 1336 cupiam.
639 1298 723 1335 Ergo
746 1298 894 1336 quoniam
919 1298 979 1327 hoc
999 1298 1076 1327 mihi
1098 1303 1246 1336 negatum
1263 1306 1320 1333 est,

60 1339 209 1371 *criticum
237 1341 347 1370 saltem
376 1338 660 1381 agam.’—-[cotis]
689 1341 840 1370 Isocrates
869 1347 1005 1379 rogatus,
1037 1351 1098 1370 cur¹
1117 1351 1213 1379 quum
1243 1341 1320 1370 alios

55 1389 165 1415 'utem
189 1384 312 1414 dicendi
339 1383 473 1419 doceret,
493 1384 559 1423 ipse
581 1389 707 1418 taceret,
728 1384 906 1422 respondit:
933 1382 998 1414 Καὶ
1020 1382 1053 1413 αἱ
1078 1382 1198 1414 ἀκόναι
1220 1382 1321 1414 αὐταὶ

55 1425 130 1468 ’μὲν
148 1426 258 1468 τεμεῖν
274 1425 312 1457 οὐ
328 1423 501 1462 δύνανται,
525 1426 586 1457 τὸν
602 1425 635 1457 δὲ
650 1424 790 1467 σίδηρον
804 1425 879 1461 ὀξέα
899 1427 953 1457 καὶ
973 1428 1135 1468 τμητικὸν
1157 1427 1321 1458 ποιοῦσιν.

46 1483 47 1486 ¹
67 1469 174 1500 Lamb.
199 1469 296 1508 (Plut.
322 1470 385 1500 Vir.
410 1478 442 1501 x.
468 1471 520 1500 Or.
547 1481 578 1510 p.
604 1470 678 1507 838,
703 1467 884 1510 E.)——[m'l
907 1472 1040 1501 scribens
1065 1469 1145 1511 ipse]
1180 1471 1322 1500 ‘nullum

44 1539 45 1542 ,
57 1522 180 1552 ³poema
194 1514 316 1552 epicum
333 1519 386 1543 aut
401 1513 616 1543 dramaticum.
638 1513 693 1543 sed
718 1523 875 1543 sermones
898 1515 1060 1543 dumtaxat
1074 1520 1106 1544 et
1121 1513 1218 1553 lyrica
1234 1523 1321 1553 quae-

50 1556 162 1592 ,damss
209 1557 294 1587 Inest
321 1562 425 1586 tamen
454 1557 565 1587 festiva
588 1554 911 1597 sipontum—[opes]
942 1557 1072 1596 ingenii,
1095 1568 1160 1597 quae
1185 1561 1324 1587 constant

8 1625 9 1629 ,
39 1601 155 1643 'copia
177 1609 277 1631 rerum
300 1610 337 1630 ac
360 1601 514 1630 verborum
539 1599 706 1639 (Quinctil.
732 1600 780 1635 10,
808 1599 837 1633 l,
862 1599 926 1640 15),
947 1601 1058 1640 juncta
1083 1611 1154 1630 cum
1176 1600 1323 1631 facultate

7 1665 11 1667 -
44 1654 51 1656 “
61 1643 254 1682 φοοῑίοί.-
265 1640 339 1683 [quo
352 1645 448 1673 virtus
457 1642 603 1683 —serat]
629 1647 636 1660 ⁸
646 1643 775 1673 facultas
789 1644 930 1682 poetica!

3 1684 7 1686 ’
44 1692 74 1705 ¹³³
113 1685 186 1722 810,
202 1685 274 1717 311.
300 1684 491 1726 [Scribendi]
516 1687 652 1716 ‘Verum
682 1687 766 1716 unde
796 1687 922 1716 tandem
949 1688 1088 1725 pendent
1117 1687 1223 1716 omnia
1252 1697 1322 1726 quae

62 1729 173 1760 ¹⁸dhuc
196 1729 342 1768 proposui
369 1736 524 1769 praecepta
552 1730 744 1766 inveniendi,
769 1731 987 1769 componendi,
1011 1730 1137 1760 cetera?
1183 1730 1283 1760 Unice
1305 1740 1324 1760 a

0 1802 3 1803 γ
46 1796 48 1802 .
68 1773 221 1812 npo’endo.
267 1773 447 1803 Evolvenda
463 1779 556 1812 atque
578 1774 769 1812 exploranda
788 1779 834 1802 est
856 1779 920 1803 tota
936 1774 998 1803 vita
1013 1774 1171 1808 humana:
1194 1783 1267 1803 nam
1283 1783 1324 1804 ex

0 1825 2 1830 ·
43 1815 129 1846 <hae
143 1816 207 1845 una
220 1815 459 1854 investigatione
474 1817 578 1855 prodit
593 1817 706 1846 veritas
727 1817 860 1854 poetica,
878 1817 1034 1856 praecipue
1057 1817 1090 1846 in
1111 1827 1227 1855 genere
1251 1817 1324 1847 dra·

9 1882 12 1888 .
43 1860 48 1899 ‘j
68 1858 204 1890 mutim!
229 1859 297 1889 Hoc
312 1864 502 1899 preceptum
513 1860 642 1899 exponit
654 1870 702 1889 vv.
716 1859 948 1890 310—322.—
961 1858 1068 1900 [Rem]
1094 1861 1204 1899 ‘hujus
1218 1866 1324 1890 autem

56 1903 238 1942 *basianam
254 1902 330 1932 recti
341 1903 463 1941 judicii,
479 1912 604 1942 prorsus
624 1903 750 1941 egregia
771 1905 913 1941 exempla
932 1905 1072 1942 praebent
1088 1903 1325 1940 Socraticorum,

55 1944 104 1981 ,iu
118 1945 227 1985 primis
243 1945 389 1982 Platonis,
406 1945 634 1985 Xenophontis,
651 1946 808 1976 AEschinis
822 1946 936 1985 scripta
947 1947 963 1982 ;'
980 1947 1036 1976 hos
1053 1947 1135 1976 enim
1150 1946 1214 1976 sere
1227 1947 1326 1986 aqui-

52 1996 85 2011 ’·
135 1989 222 2018 bant
250 1987 444 2027 grammatici
473 1994 506 2018 et
533 1987 915 2028 rhetores—[provisam
944 1988 1022 2030 rem]
1047 1990 1203 2020 “Asinius
1229 1990 1326 2020 Pollio

92 2045 95 2055 ι
133 2047 147 2057 0·
170 2031 267 2061 dixit:
293 2031 377 2062 Male
400 2032 527 2062 hercule
550 2033 673 2062 eveniat
687 2033 799 2068 verbis,
814 2033 873 2062 nisi
894 2042 961 2062 rem
985 2034 1190 2072 sequuntur.”
1213 2033 1326 2073 Porph-

47 2075 94 2102 ,θ’
105 2074 279 2105 Menander
293 2084 391 2113 quum
408 2075 545 2105 fabulam
561 2076 772 2115 disposuisset,
786 2076 908 2106 etiamsi
924 2077 1063 2106 nondum
1079 2077 1219 2106 versibus
1234 2077 1326 2107 ador-

120 2140 138 2143 .»
154 2122 188 2151 t,
205 2118 326 2148 dicebat
341 2128 373 2147 se
389 2124 493 2148 tamen
512 2120 579 2158 jam
599 2119 799 2158 complesse.”
827 2121 900 2149 Aer.

60 2181 79 2206 .'
114 2159 297 2191 812-318.
322 2158 401 2201 [Qui
415 2160 540 2202 didicit]
566 2161 626 2192 Per
641 2168 741 2192 totum
761 2163 792 2192 h.
809 2163 830 2192 1.
844 2168 984 2193 versatur
1005 2163 1038 2192 in
1058 2163 1167 2202 primis
1189 2163 1269 2193 circa
1283 2162 1328 2193 τὰ

57 2200 152 2242 'mm
167 2204 242 2243 quia
263 2205 296 2234 in
318 2205 403 2244 poesi
427 2205 549 2235 scenica
572 2205 684 2235 horum
708 2206 843 2235 maxime
867 2206 946 2236 ratio
969 2207 1114 2236 habenda
1133 2214 1196 2241 est3
1219 2207 1328 2237 didicit

49 2261 56 2272 t
73 2252 180 2278 utem
205 2257 223 2277 e
249 2247 475 2277 Socraticorum
498 2249 694 2287 potissimum
719 2247 1109 2290 scriptis.-—[conscripti]
1134 2249 1327 2286 ‘senatoris,’

72 2296 117 2321 ox
130 2289 265 2320 formula
276 2295 381 2329 patres
394 2293 556 2331 conscripti
566 2302 629 2322 uno
641 2292 768 2323 sortasse
781 2292 840 2322 hoc
855 2293 922 2322 loco
933 2293 1144 2331 reperitur.—
1153 2290 1326 2333 [Reddere]

97 2332 268 2365 attribuere
282 2334 326 2371 id,
349 2334 434 2374 quod
448 2335 478 2365 ei
498 2333 880 2376 &haurd—[exemplar
894 2334 980 2376 vita]
1007 2336 1089 2367 ‘vita
1114 2337 1214 2376 qualis
1238 2336 1328 2367 nobis
