1390 2586
60 0 105 74 εἳ

37 104 126 183 ᾗ
140 137 179 162 u.
203 126 248 170 1.]
494 126 874 158 INTERPRETATIO.
1230 123 1316 166 245

98 230 234 263 10—14.
287 226 454 270 [contudit]
508 228 659 258 Hercules
694 227 741 269 τῷ
770 224 912 269 ῥοπάλῳ
942 225 1004 262 τὰς
1032 225 1178 268 κεφαλὰς
1204 223 1312 263 αὐτῆς

136 281 160 306 ε.
197 273 339 314 Apollod.
362 273 392 309 2,
417 273 447 309 5,
474 273 503 302 2.
560 272 686 311 Proprie
710 271 805 311 igitur
826 271 963 301 contudit
984 271 1062 300 dixit
1092 281 1147 310 pro
1169 271 1311 310 peremit.

59 354 70 358 Γ
150 315 245 358 ntuli]
269 316 353 347 fatali
376 317 558 345 necessitate
578 315 707 345 Herculi
730 315 877 354 imposita
895 315 932 344 ab
950 315 1138 353 Eurystheo,
1161 313 1235 353 quia
1250 313 1311 349 hic,

70 393 82 404 Γ
99 380 111 387 ·-
147 361 192 392 ita
217 361 397 390 moderante
421 359 555 395 Junone,
578 359 662 398 prior
684 358 738 388 illo
761 364 852 388 natus
875 363 1006 388 erat.—-
1023 357 1182 396 Comperit
1212 366 1310 386 unum

66 436 72 439 ,
88 402 157 435 'en
179 409 362 439 monstrum,
385 402 546 438 invidiam,
573 402 663 431 aliter
685 412 747 431 non
772 411 860 441 posse
884 401 1002 431 domari
1028 401 1086 431 nisi
1109 407 1207 430 morte
1231 401 1310 440 ejus,

59 443 458 488 ’Ἱῖίηνὶἀεωτμ-[ωἰι]
483 447 490 462 ‘
509 446 680 484 Splendore
700 445 784 475 enim
805 455 861 475 suo
882 444 967 474 laedit
987 445 1133 483 aequales,
1157 445 1210 483 qui
1226 449 1309 474 cete-

62 490 65 491 ⁷
103 490 156 521 '·m
185 497 267 520 artes
292 490 484 529 virtutesque
508 489 572 519 suis
600 489 689 527 longe
714 488 875 518 inferiores
901 489 1137 527 praeponderare
1160 494 1190 517 et
1214 497 1309 527 prop-

60 565 73 572 „
149 534 216 574 ipso
230 543 287 563 suo
302 533 439 573 pondere
463 539 556 572 atque
573 532 601 561 vi
617 532 736 570 ingenti
758 532 819 561 alte
838 532 1012 570 deprimere
1035 532 1177 561 videtur·
1171 553 1177 566 ‚
1190 531 1197 543 ’
1221 541 1310 561 urere

93 574 99 578 ”
115 583 186 608 est
199 577 322 612 laedere,
345 577 503 606 offendere
524 586 560 605 eo
576 576 659 614 quod
675 575 776 605 aliena
796 575 894 614 gloria
914 581 1072 613 tamquam
1090 575 1191 612 fulgor
1206 574 1311 604 oculos

77 614 106 646 f?
129 629 241 651 uorum
263 619 464 672 praestringit,
485 629 681 659 praegravare
705 625 820 654 autem,
845 625 879 648 ut
898 620 960 648 Sat.
978 619 1007 655 2,
1025 619 1053 652 2,
1070 618 1121 653 78.
1135 615 1306 658 —-[artes]

126 663 199 694 imo
220 663 406 702 significatu,
430 660 686 702 ἐπιτηδεύματα,
718 663 830 699 studia,
859 662 953 692 etiam
976 661 1008 690 in
1033 664 1123 691 rebus
1155 661 1308 697 civilibus,

68 740 70 742 v
128 716 182 737 ·ue
206 707 300 737 etiam
328 707 480 742 homines,
504 707 557 755 qui
578 713 659 735 artes
684 706 802 735 minore
827 705 940 745 peritia
962 715 1056 743 quam
1086 705 1152 744 ipse
1182 705 1234 734 ille
1261 705 1308 734 vir

68 780 69 783 ,
98 759 189 780 mus
202 757 295 790 atque
311 749 596 809 experien‘tissimus
612 755 766 779 exercent.

84 792 144 830 15,
162 793 211 824 16.
235 791 460 834 [ProesenciJ‘
478 793 541 822 Nos
557 799 664 822 contra
679 793 760 822 hac'
752 802 784 822 111
800 802 832 822 re
849 790 957 831 priscis
972 791 1032 821 illis
1049 791 1165 821 Graecis
1180 790 1306 830 sapien·

118 838 225 877 sjam
250 847 333 866 nunc
351 838 432 866 ultro
450 837 646 875 agnoscimus
670 836 832 875 praeclaras
857 842 926 865 tuas
950 835 1078 865 virtutes
1094 840 1208 887 .te‘¹¹.¹‘³’
1231 835 1308 864 dum

42 919 95 924 ‚.
55 862 87 899 {
116 889 201 911 rnos
220 880 362 915 versaris,
385 879 594 910 honoramus-¹
606 877 861 919 —[maturos]‘
878 878 1076 918 tempestivos
1093 878 1123 908 in
1146 879 1220 913 vita,
1244 888 1306 908 non

56 954 69 962 „
124 929 222 963 post
237 924 442 954 1110119,ιηῖ-
457 921 614 963 [honores]
638 922 811 962 praesertim
831 922 1002 952 libationes.
1035 923 1093 951 Od.
1110 922 1139 958 4,
1156 923 1185 957 5,
1202 921 1254 951 31.
1263 937 1308 943 —·

61 971 95 1003 -;’;’”
128 965 332 1008 undasque]‘
348 977 424 1018 quas
451 972 591 996 tenentes
620 976 674 1005 per
699 972 787 995 tuum
815 975 929 995 nomen
953 965 1116 1005 juremus!
1162 965 1225 995 Cic.
1250 975 1306 1005 pro

49 1033 52 1035 -
141 1019 169 1048 ο,
184 1010 240 1049 36,
259 1012 296 1046 is,
311 1012 371 1046 cui,
385 1012 414 1040 si
428 1021 512 1040 aram
529 1015 631 1040 tenens
639 1008 773 1050 juraret,
789 1010 926 1039 crederet
941 1020 1031 1039 nemo.

41 1050 71 1093 „Q'
90 1053 229 1085 18-21.
264 1051 397 1094 [Sed]‘
414 1054 475 1084 Sed
491 1053 541 1083 hic
556 1053 638 1083 idem
655 1053 797 1092 populus,
821 1052 875 1082 tibi
893 1062 931 1082 ex
948 1059 1012 1082 toto
1028 1051 1172 1087 deditusss
1197 1052 1307 1081 &m—

43 1098 49 1104 ”
70 1105 152 1136 nge
167 1103 272 1127 autem
288 1099 319 1127 in
335 1108 392 1127 uno
407 1101 436 1128 te
450 1095 654 1136 anteserendo,
678 1097 709 1126 id
730 1102 786 1132 est,
811 1097 819 1112 ‘
833 1102 862 1126 te
879 1097 970 1146 louge
990 1104 1182 1134 anteponens
1198 1095 1307 1125 ceteris

43 1171 54 1175 ..
78 1141 212 1171 nibus!
223 1139 386 1181 —[terrie
401 1138 562 1180 semotaJ‘
574 1146 692 1170 remota
707 1141 773 1178 jam
792 1149 809 1169 e
830 1139 930 1175 terris,
954 1145 1117 1178 propterea
1137 1139 1220 1177 quod
1244 1139 1308 1168 suis

58 1180 62 1184 ”
134 1200 147 1208 ιν
167 1185 230 1215 'bus
248 1182 390 1223 defuncta
406 1190 490 1220 sunt,
512 1184 545 1214 id
565 1189 620 1220 est,
643 1184 727 1223 quod
747 1193 787 1214 ex
801 1183 856 1213 fati
877 1183 998 1222 legibus
1013 1189 1143 1212 mortem
1160 1182 1305 1212 obierunt

146 1227 315 1257 miliorum
329 1228 489 1258 auctores.

35 1269 169 1313 „23-
176 1271 228 1301 25.
263 1268 429 1312 [veterum]
460 1280 531 1310 gen.
562 1275 662 1300 neutr.
696 1269 858 1300 ‘omnium
883 1274 1022 1300 veterum
1049 1269 1166 1309 linguae
1191 1274 1305 1298 nostrae

110 1314 342 1344 umentorum)
354 1311 565 1354 —-[tabulas]
598 1321 660 1343 xu-
683 1323 702 1343 a
727 1313 910 1343 decemviris
936 1319 1068 1352 quatuor
1095 1312 1207 1342 seculis
1232 1318 1304 1342 ante

0 1361 1 1364 ’
42 1364 104 1398 ·,’·ι
147 1357 309 1397 epistolam
328 1358 532 1397 conscriptam
553 1358 694 1387 sancitas.
704 1354 903 1396 —[Gabiis]
930 1357 975 1386 De
990 1356 1107 1386 soedere
1127 1356 1207 1385 inter
1225 1355 1304 1384 Tar-

40 1414 71 1460 ζ..
80 1399 192 1430 inium
208 1401 380 1441 Superbum
396 1409 426 1430 et
438 1401 575 1430 Gabinos
590 1400 650 1430 icto
667 1411 694 1430 v.
713 1399 779 1429 Liv.
795 1399 822 1436 l,
835 1399 886 1435 54,
902 1406 933 1430 et
950 1399 1077 1438 Dionys.
1096 1399 1194 1428 Halic.
1210 1398 1241 1434 4,
1250 1398 1304 1435 58,

35 1454 38 1456 ·
79 1455 94 1469 ι
136 1450 249 1483 praeter
277 1444 541 1484 exspectationem
578 1454 703 1482 aequum
733 1443 826 1473 fuisse
856 1443 961 1479 tradit,
997 1443 1064 1472 haec
1093 1443 1303 1493 subjpngens:

83 1483 186 1517 ὒτων
217 1485 287 1518 ἐστὶ
318 1489 386 1518 τῶν
421 1485 540 1529 ὁρκίων
574 1487 739 1527 μνημεῖον
768 1483 804 1516 ἐν
833 1483 947 1537 Ῥώμῃ
975 1485 1123 1525 κείμενον
1159 1483 1195 1515 ἐν
1230 1494 1306 1526 ιερῳ

96 1539 127 1568 ς
149 1530 302 1570 Πιστίου,
325 1530 366 1562 ‘or
384 1528 544 1571 Ρωμαῖοι
568 1528 700 1570 Σάγκον
728 1529 902 1568 καλοῦσιν,
928 1528 1035 1565 ἀσπὶς
1052 1527 1171 1566 ξυλίνη
1194 1525 1305 1579 βύρσῃ

59 1571 142 1615 «wlff
157 1573 334 1614 περίτονος
348 1574 408 1604 τοῦ
425 1572 690 1624 σφαγιασθέντος
709 1570 764 1603 ἐπὶ
786 1574 855 1603 τῶν
869 1570 988 1624 ὁρκίων
1004 1571 1078 1602 τότε
1093 1570 1185 1610 βοός,
1201 1569 1304 1612 γράμ-

131 1628 151 1648 r
175 1615 351 1658 ἀρχαϊκοῖς
379 1615 646 1659 ἐπιγεγραμμένη
673 1615 734 1653 τὰς
760 1613 944 1657 γενομένας
972 1614 1087 1651 αὐτοῖς
1111 1613 1303 1656 ὁμολογίας.

34 1667 102 1703 γς’,ιι
127 1660 212 1691 modi
237 1661 333 1699 igitur
361 1661 478 1691 soedera
502 1661 677 1700 similiaque
707 1662 745 1690 ab
769 1660 952 1698 antiquariis
985 1659 1106 1690 Horatii
1133 1659 1303 1697 aequalibus

31 1715 38 1735 ².
73 1714 109 1738 »ι;
140 1704 196 1734 lari
225 1705 328 1734 studio
352 1705 619 1742 investigabuntur
641 1710 734 1742 atque
756 1700 1211 1742 explicabantur.-—[rigidis]
1237 1702 1303 1732 Cic.

61 1779 65 1785 .
94 1746 151 1776 tin.
178 1747 227 1784 15,
260 1748 368 1778 Sabini
393 1749 572 1778 severissimi
594 1749 732 1778 homines.
795 1747 925 1776 Foedera
950 1755 1055 1776 autem
1084 1747 1304 1784 intelliguntur

103 1800 128 1820 r
150 1791 320 1821 Romulum
343 1797 374 1820 et
397 1791 434 1820 Τ.
453 1791 577 1821 Tatium
601 1791 648 1820 vel
672 1791 752 1820 inter
777 1790 903 1819 Tullum
927 1789 1094 1819 Hostilium
1117 1795 1148 1819 et
1172 1788 1302 1819 Sabinos

77 1842 196 1899 onya·
213 1834 284 1864 Hal.
300 1834 331 1869 3,
355 1833 424 1873 33),
447 1833 496 1863 vel
513 1834 619 1873 primis
635 1834 738 1863 liberae
755 1833 798 1863 rei
822 1833 954 1872 publicae
970 1833 1159 1872 temporibus
1176 1833 1247 1863 icta.
1258 1848 1302 1854 —

47 1882 64 1904 ἰ
137 1874 201 1917 ta]
226 1879 235 1894 ‘
246 1878 344 1916 aequis
360 1878 493 1916 etjustis
508 1877 736 1907 conditionibus
752 1877 821 1907 icta.
824 1877 831 1890 ’

118 1934 143 1959 ‚
164 1919 468 1962 27.[Pont1ficum]
502 1920 608 1950 Potius
634 1930 727 1970 quam
754 1921 792 1950 de
822 1920 1003 1970 pontificum
1028 1919 1113 1949 libris
1139 1918 1304 1948 ritualibus

22 1983 25 1986 <
63 1976 89 2003 ,1
95 1968 232 2004 rpreter
256 1965 294 1994 de
322 1965 496 1994 Annalibus
523 1964 667 1993 maximis
691 1974 709 1993 a
729 1963 875 2002 pontifice
895 1964 1032 1993 maximo
1057 1962 1222 2001 quotannis
1242 1961 1303 1992 cir-

64 2020 89 2045 4¹
137 2017 234 2046 usque
249 2009 288 2037 ad
306 2016 336 2038 Α.
350 2015 382 2037 u.
393 2014 420 2037 e.
437 2007 500 2038 620
516 2007 669 2037 confectis.
711 2007 774 2037 Cic.
788 2008 826 2036 de
845 2007 940 2045 Legg.
957 2006 984 2042 1,
1000 2007 1030 2041 2,
1055 2007 1187 2036 Annales
1201 2006 1303 2044 ponti·

73 2047 90 2052 ’
112 2066 124 2075 ι’
146 2052 348 2087 maximorum,
364 2052 472 2091 quibus
487 2052 564 2080 nihil
575 2055 673 2090 potest
687 2061 749 2081 esse
753 2049 931 2090 jucundans
963 2048 1152 2090 (Ursinus‚'
1131 2048 1283 2089 jejunius.
1276 2046 1303 2089 .)

75 2090 281 2134 [volumina
307 2092 467 2134 vatum]‘
484 2094 630 2124 vaticinia
655 2094 794 2123 versibus
824 2093 976 2123 Saturniis
1005 2094 1174 2131 composita
1201 2103 1218 2122 a
1243 2093 1302 2123 Cn.

82 2136 188 2173 rei0,'
211 2137 409 2174 Liv.25,12,
434 2137 487 2166 ubi
510 2137 577 2176 ipsa
590 2136 668 2167 vatis
684 2138 784 2174 verba,
801 2136 884 2175 quod
902 2142 991 2166 erant
1011 2136 1196 2174 antiquiora,
1211 2135 1302 2174 paul·

90 2194 103 2205 1ι
140 2185 214 2210 sunt
237 2180 410 2210 immutata.
423 2196 466 2202 -—
481 2178 635 2220 [Albano]
671 2181 714 2210 Ut
742 2181 840 2210 Musae
863 2180 895 2210 in
919 2181 1068 2210 Parnasso
1093 2185 1123 2208 et
1152 2179 1301 2209 Helicone

64 2258 73 2264 .,
111 2236 147 2248 -z
158 2233 188 2252 m
212 2223 320 2274 poesin
347 2223 564 2259 condiderunt,
594 2224 637 2253 sie
663 2233 702 2253 ex
725 2234 842 2260 eorum,
866 2233 943 2262 quos
974 2223 1093 2260 irridet,
1116 2222 1261 2272 opinione
1282 2232 1302 2252 a

71 2299 89 2310 ,st
102 2280 116 2291 ze
132 2267 192 2296 uis
214 2267 245 2296 in
268 2274 372 2297 monte
389 2267 511 2297 Albano
526 2267 596 2298 Jovi
614 2267 726 2297 Latiali
746 2277 832 2297 sacro
853 2267 1047 2297 versantibus
1067 2267 1167 2305 poesis
1189 2266 1303 2296 Latina

81 2314 105 2336 ιε’
122 2315 182 2339 cta
196 2315 271 2340 erat.

62 2344 224 2383 *fio—45.
249 2351 309 2393 [Si.
325 2351 415 2393 quia]
439 2353 571 2392 ‘Atqui,
599 2353 635 2391 si,
661 2354 820 2393 quoniam,
842 2358 878 2383 ut
907 2363 965 2392 ego
990 2363 1113 2392 quoque
1139 2363 1209 2382 curn
1234 2362 1302 2382 om-

162 2396 244 2427 ultro
259 2397 368 2435 fateor,
391 2398 506 2438 scripta
523 2398 702 2428 Graecorum
727 2396 944 2436 antiquissima
971 2407 1102 2436 quaeque
1124 2396 1172 2437 (in
1197 2395 1306 2435 primis
