<?xml version="1.0" encoding="UTF-8"?>
<!DOCTYPE html PUBLIC "-//W3C//DTD XHTML 1.0 Transitional//EN"
    "http://www.w3.org/TR/xhtml1/DTD/xhtml1-transitional.dtd">
<html xmlns="http://www.w3.org/1999/xhtml" xml:lang="en" lang="en">
 <head>
  <title>
</title>
<meta http-equiv="Content-Type" content="text/html;charset=utf-8" />
  <meta name='ocr-system' content='tesseract 3.04.00' />
  <meta name='ocr-capabilities' content='ocr_page ocr_carea ocr_par ocr_line ocrx_word'/>
</head>
<body>
  <div class='ocr_page' id='page_1' title='image "./eclogaehoratiana02horauoft_0088.png"; bbox 0 0 1390 2586; ppageno 0'>
   <div class='ocr_carea' id='block_1_1' title="bbox 132 79 1031 121">
    <p class='ocr_par' dir='ltr' id='par_1_1' title="bbox 132 79 1031 121">
     <span class='ocr_line' id='line_1_1' title="bbox 132 79 1031 121; baseline 0.008 -7"><span class='ocrx_word' id='word_1_1' title='bbox 132 79 185 118; x_wconf 81' lang='grc'>80</span> <span class='ocrx_word' id='word_1_2' title='bbox 463 89 775 119; x_wconf 70' lang='lat' dir='ltr'>EP1sToLARuM</span> <span class='ocrx_word' id='word_1_3' title='bbox 803 91 890 121; x_wconf 77' lang='lat' dir='ltr'>Lm.</span> <span class='ocrx_word' id='word_1_4' title='bbox 913 92 941 120; x_wconf 93' lang='lat'>1.</span> <span class='ocrx_word' id='word_1_5' title='bbox 965 80 1031 121; x_wconf 87' lang='lat'>19.</span> 
     </span>
    </p>
   </div>
   <div class='ocr_carea' id='block_1_2' title="bbox 135 187 1351 694">
    <p class='ocr_par' dir='ltr' id='par_1_2' title="bbox 135 187 1067 246">
     <span class='ocr_line' id='line_1_2' title="bbox 135 187 1067 246; baseline 0.004 -18"><span class='ocrx_word' id='word_1_6' title='bbox 135 187 211 229; x_wconf 88' lang='lat' dir='ltr'>Me</span> <span class='ocrx_word' id='word_1_7' title='bbox 232 188 387 243; x_wconf 89' lang='lat' dir='ltr'>quoties</span> <span class='ocrx_word' id='word_1_8' title='bbox 407 187 534 230; x_wconf 85' lang='lat' dir='ltr'>reficit</span> <span class='ocrx_word' id='word_1_9' title='bbox 553 189 709 244; x_wconf 86' lang='lat' dir='ltr'>gelidus</span> <span class='ocrx_word' id='word_1_10' title='bbox 730 189 928 246; x_wconf 86' lang='lat' dir='ltr'>Digentia</span> <span class='ocrx_word' id='word_1_11' title='bbox 946 190 1067 241; x_wconf 89' lang='lat' dir='ltr'>rivus,</span> 
     </span>
    </p>

    <p class='ocr_par' dir='ltr' id='par_1_3' title="bbox 135 243 1135 303">
     <span class='ocr_line' id='line_1_3' title="bbox 135 243 1135 303; baseline 0.005 -20"><span class='ocrx_word' id='word_1_12' title='bbox 135 244 270 292; x_wconf 86' lang='lat' dir='ltr'>Quem</span> <span class='ocrx_word' id='word_1_13' title='bbox 294 243 487 285; x_wconf 78' lang='lat' dir='ltr'>Mandela</span> <span class='ocrx_word' id='word_1_14' title='bbox 508 244 619 294; x_wconf 86' lang='lat' dir='ltr'><strong>bibit,</strong></span> <span class='ocrx_word' id='word_1_15' title='bbox 641 260 808 301; x_wconf 86' lang='lat' dir='ltr'>rugosus</span> <span class='ocrx_word' id='word_1_16' title='bbox 829 246 975 303; x_wconf 84' lang='lat' dir='ltr'>frigore</span> <span class='ocrx_word' id='word_1_17' title='bbox 995 261 1135 302; x_wconf 86' lang='lat' dir='ltr'>pagus,</span> 
     </span>
    </p>

    <p class='ocr_par' dir='ltr' id='par_1_4' title="bbox 136 299 1210 358">
     <span class='ocr_line' id='line_1_4' title="bbox 136 299 1210 358; baseline 0.004 -18"><span class='ocrx_word' id='word_1_18' title='bbox 136 299 248 348; x_wconf 88' lang='lat' dir='ltr'>Quid</span> <span class='ocrx_word' id='word_1_19' title='bbox 269 300 416 341; x_wconf 88' lang='lat' dir='ltr'>sentire</span> <span class='ocrx_word' id='word_1_20' title='bbox 437 309 564 355; x_wconf 89' lang='lat' dir='ltr'>putas,</span> <span class='ocrx_word' id='word_1_21' title='bbox 587 301 683 356; x_wconf 89' lang='lat' dir='ltr'>quid</span> <span class='ocrx_word' id='word_1_22' title='bbox 704 302 842 351; x_wconf 87' lang='lat' dir='ltr'>credis,</span> <span class='ocrx_word' id='word_1_23' title='bbox 864 303 1003 352; x_wconf 84' lang='lat' dir='ltr'>amice,</span> <span class='ocrx_word' id='word_1_24' title='bbox 1024 302 1210 358; x_wconf 81' lang='lat' dir='ltr'>precari?</span> 
     </span>
    </p>

    <p class='ocr_par' dir='ltr' id='par_1_5' title="bbox 136 356 1351 526">
     <span class='ocr_line' id='line_1_5' title="bbox 137 356 1349 411; baseline 0.002 -14"><span class='ocrx_word' id='word_1_25' title='bbox 137 357 200 398; x_wconf 82' lang='lat' dir='ltr'>Sit</span> <span class='ocrx_word' id='word_1_26' title='bbox 220 356 314 397; x_wconf 83' lang='lat' dir='ltr'>mihi</span> <span class='ocrx_word' id='word_1_27' title='bbox 335 357 442 411; x_wconf 93' lang='lat' dir='ltr'>quod</span> <span class='ocrx_word' id='word_1_28' title='bbox 463 372 568 397; x_wconf 85' lang='lat' dir='ltr'>nunc</span> <span class='ocrx_word' id='word_1_29' title='bbox 589 366 671 406; x_wconf 89' lang='lat' dir='ltr'>est;</span> <span class='ocrx_word' id='word_1_30' title='bbox 703 358 821 399; x_wconf 90' lang='lat' dir='ltr'>etiam</span> <span class='ocrx_word' id='word_1_31' title='bbox 843 359 999 400; x_wconf 84' lang='lat' dir='ltr'>minus:</span> <span class='ocrx_word' id='word_1_32' title='bbox 1031 367 1072 400; x_wconf 87' lang='lat' dir='ltr'>et</span> <span class='ocrx_word' id='word_1_33' title='bbox 1091 359 1188 400; x_wconf 85' lang='lat' dir='ltr'>mihi</span> <span class='ocrx_word' id='word_1_34' title='bbox 1207 359 1349 408; x_wconf 90' lang='lat' dir='ltr'>vivam,</span> 
     </span>
     <span class='ocr_line' id='line_1_6' title="bbox 137 412 1351 469; baseline 0.003 -17"><span class='ocrx_word' id='word_1_35' title='bbox 137 412 257 461; x_wconf 87' lang='lat' dir='ltr'>Quod</span> <span class='ocrx_word' id='word_1_36' title='bbox 277 420 459 467; x_wconf 84' lang='lat' dir='ltr'>superest</span> <span class='ocrx_word' id='word_1_37' title='bbox 478 413 565 462; x_wconf 88' lang='lat' dir='ltr'>aevi,</span> <span class='ocrx_word' id='word_1_38' title='bbox 587 413 619 454; x_wconf 90' lang='lat' dir='ltr'>si</span> <span class='ocrx_word' id='word_1_39' title='bbox 640 413 736 468; x_wconf 90' lang='lat' dir='ltr'>quid</span> <span class='ocrx_word' id='word_1_40' title='bbox 756 429 962 469; x_wconf 84' lang='lat' dir='ltr'>superesse</span> <span class='ocrx_word' id='word_1_41' title='bbox 982 415 1121 456; x_wconf 86' lang='lat' dir='ltr'>volunt</span> <span class='ocrx_word' id='word_1_42' title='bbox 1141 415 1224 456; x_wconf 81' lang='lat' dir='ltr'>Di:</span> <span class='ocrx_word' id='word_1_43' title='bbox 1299 419 1351 456; x_wconf 86' lang='lat'>95</span> 
     </span>
     <span class='ocr_line' id='line_1_7' title="bbox 136 468 1152 526; baseline 0.003 -18"><span class='ocrx_word' id='word_1_44' title='bbox 136 468 198 509; x_wconf 77' lang='lat' dir='ltr'>Sit</span> <span class='ocrx_word' id='word_1_45' title='bbox 219 469 321 509; x_wconf 88' lang='lat' dir='ltr'>bona</span> <span class='ocrx_word' id='word_1_46' title='bbox 342 468 528 509; x_wconf 88' lang='lat' dir='ltr'>librorum</span> <span class='ocrx_word' id='word_1_47' title='bbox 550 477 591 510; x_wconf 88' lang='lat' dir='ltr'>et</span> <span class='ocrx_word' id='word_1_48' title='bbox 611 470 777 524; x_wconf 89' lang='lat' dir='ltr'>provisae</span> <span class='ocrx_word' id='word_1_49' title='bbox 797 470 923 526; x_wconf 87' lang='lat' dir='ltr'>frugis</span> <span class='ocrx_word' id='word_1_50' title='bbox 942 471 981 511; x_wconf 92' lang='lat' dir='ltr'>in</span> <span class='ocrx_word' id='word_1_51' title='bbox 1002 486 1152 512; x_wconf 90' lang='lat' dir='ltr'>annum</span> 
     </span>
    </p>

    <p class='ocr_par' dir='ltr' id='par_1_6' title="bbox 136 524 1168 582">
     <span class='ocr_line' id='line_1_8' title="bbox 136 524 1168 582; baseline 0.003 -18"><span class='ocrx_word' id='word_1_52' title='bbox 136 524 288 579; x_wconf 85' lang='lat' dir='ltr'>Copia3</span> <span class='ocrx_word' id='word_1_53' title='bbox 320 539 398 565; x_wconf 93' lang='lat' dir='ltr'>neu</span> <span class='ocrx_word' id='word_1_54' title='bbox 420 525 570 566; x_wconf 85' lang='lat' dir='ltr'>fluitem</span> <span class='ocrx_word' id='word_1_55' title='bbox 593 525 724 567; x_wconf 82' lang='lat' dir='ltr'>dubiae</span> <span class='ocrx_word' id='word_1_56' title='bbox 743 541 813 580; x_wconf 89' lang='lat' dir='ltr'>spe</span> <span class='ocrx_word' id='word_1_57' title='bbox 834 526 1031 582; x_wconf 85' lang='lat' dir='ltr'>pendulus</span> <span class='ocrx_word' id='word_1_58' title='bbox 1050 527 1168 568; x_wconf 86' lang='lat' dir='ltr'>horae.</span> 
     </span>
    </p>

    <p class='ocr_par' dir='ltr' id='par_1_7' title="bbox 137 581 1186 637">
     <span class='ocr_line' id='line_1_9' title="bbox 137 581 1186 637; baseline 0.002 -16"><span class='ocrx_word' id='word_1_59' title='bbox 137 581 216 621; x_wconf 87' lang='lat' dir='ltr'>Sed</span> <span class='ocrx_word' id='word_1_60' title='bbox 238 581 330 621; x_wconf 83' lang='lat' dir='ltr'>satis</span> <span class='ocrx_word' id='word_1_61' title='bbox 351 590 412 622; x_wconf 87' lang='lat' dir='ltr'>est</span> <span class='ocrx_word' id='word_1_62' title='bbox 431 596 540 622; x_wconf 87' lang='lat' dir='ltr'>orare</span> <span class='ocrx_word' id='word_1_63' title='bbox 562 581 703 622; x_wconf 88' lang='lat' dir='ltr'>Jovem</span> <span class='ocrx_word' id='word_1_64' title='bbox 725 597 815 637; x_wconf 88' lang='lat' dir='ltr'>quae</span> <span class='ocrx_word' id='word_1_65' title='bbox 835 582 956 624; x_wconf 90' lang='lat' dir='ltr'>donat</span> <span class='ocrx_word' id='word_1_66' title='bbox 975 590 1017 623; x_wconf 88' lang='lat' dir='ltr'>et</span> <span class='ocrx_word' id='word_1_67' title='bbox 1034 583 1186 624; x_wconf 86' lang='lat' dir='ltr'>aufert:</span> 
     </span>
    </p>

    <p class='ocr_par' dir='ltr' id='par_1_8' title="bbox 135 636 1328 694">
     <span class='ocr_line' id='line_1_10' title="bbox 135 636 1328 694; baseline 0.003 -17"><span class='ocrx_word' id='word_1_68' title='bbox 135 636 223 678; x_wconf 86' lang='lat' dir='ltr'>Det</span> <span class='ocrx_word' id='word_1_69' title='bbox 242 637 376 687; x_wconf 87' lang='lat' dir='ltr'>vitam,</span> <span class='ocrx_word' id='word_1_70' title='bbox 398 637 466 678; x_wconf 89' lang='lat' dir='ltr'>det</span> <span class='ocrx_word' id='word_1_71' title='bbox 485 652 592 692; x_wconf 89' lang='lat' dir='ltr'>opes,</span> <span class='ocrx_word' id='word_1_72' title='bbox 614 653 773 693; x_wconf 87' lang='lat' dir='ltr'>aequum</span> <span class='ocrx_word' id='word_1_73' title='bbox 795 638 849 679; x_wconf 90' lang='lat' dir='ltr'>mi</span> <span class='ocrx_word' id='word_1_74' title='bbox 869 639 1045 680; x_wconf 89' lang='lat' dir='ltr'>animum</span> <span class='ocrx_word' id='word_1_75' title='bbox 1065 639 1150 694; x_wconf 85' lang='lat' dir='ltr'>ipse</span> <span class='ocrx_word' id='word_1_76' title='bbox 1171 637 1328 694; x_wconf 84' lang='lat' dir='ltr'>parabo.</span> 
     </span>
    </p>
   </div>
   <div class='ocr_carea' id='block_1_3' title="bbox 356 887 1135 918">
    <p class='ocr_par' dir='ltr' id='par_1_9' title="bbox 356 887 1135 918">
     <span class='ocr_line' id='line_1_11' title="bbox 356 887 1135 918; baseline 0.003 -3"><span class='ocrx_word' id='word_1_77' title='bbox 356 887 566 916; x_wconf 82' lang='lat' dir='ltr'>EPIsTOLA</span> <span class='ocrx_word' id='word_1_78' title='bbox 597 889 804 917; x_wconf 52' lang='lat' dir='ltr'>xum—AD</span> <span class='ocrx_word' id='word_1_79' title='bbox 834 889 1135 918; x_wconf 75' lang='lat' dir='ltr'>MAECENATEM.</span> 
     </span>
    </p>
   </div>
   <div class='ocr_carea' id='block_1_4' title="bbox 138 974 1363 2320">
    <p class='ocr_par' dir='ltr' id='par_1_10' title="bbox 140 974 1073 1025">
     <span class='ocr_line' id='line_1_12' title="bbox 140 974 1073 1025; baseline 0 -9"><span class='ocrx_word' id='word_1_80' title='bbox 140 975 277 1016; x_wconf 91' lang='lat' dir='ltr'>Prisco</span> <span class='ocrx_word' id='word_1_81' title='bbox 297 974 328 1016; x_wconf 89' lang='lat' dir='ltr'>si</span> <span class='ocrx_word' id='word_1_82' title='bbox 350 975 490 1024; x_wconf 88' lang='lat' dir='ltr'>credis,</span> <span class='ocrx_word' id='word_1_83' title='bbox 516 975 722 1017; x_wconf 82' lang='lat' dir='ltr'>Maecenas</span> <span class='ocrx_word' id='word_1_84' title='bbox 742 975 869 1025; x_wconf 87' lang='lat' dir='ltr'>docte,</span> <span class='ocrx_word' id='word_1_85' title='bbox 895 975 1073 1023; x_wconf 81' lang='lat' dir='ltr'>Cratino,</span> 
     </span>
    </p>

    <p class='ocr_par' dir='ltr' id='par_1_11' title="bbox 138 1031 1182 1087">
     <span class='ocr_line' id='line_1_13' title="bbox 138 1031 1182 1087; baseline 0.001 -15"><span class='ocrx_word' id='word_1_86' title='bbox 138 1031 263 1072; x_wconf 89' lang='lat' dir='ltr'>Nulla</span> <span class='ocrx_word' id='word_1_87' title='bbox 282 1031 438 1087; x_wconf 88' lang='lat' dir='ltr'>placere</span> <span class='ocrx_word' id='word_1_88' title='bbox 459 1032 540 1081; x_wconf 90' lang='lat' dir='ltr'>diu,</span> <span class='ocrx_word' id='word_1_89' title='bbox 563 1047 637 1072; x_wconf 90' lang='lat' dir='ltr'>nec</span> <span class='ocrx_word' id='word_1_90' title='bbox 658 1033 791 1073; x_wconf 85' lang='lat' dir='ltr'>vivere</span> <span class='ocrx_word' id='word_1_91' title='bbox 812 1032 986 1073; x_wconf 88' lang='lat' dir='ltr'>carmina</span> <span class='ocrx_word' id='word_1_92' title='bbox 1005 1039 1182 1087; x_wconf 86' lang='lat' dir='ltr'>possunt,</span> 
     </span>
    </p>

    <p class='ocr_par' dir='ltr' id='par_1_12' title="bbox 139 1087 1236 1199">
     <span class='ocr_line' id='line_1_14' title="bbox 139 1087 1236 1143; baseline 0.002 -15"><span class='ocrx_word' id='word_1_93' title='bbox 139 1087 246 1135; x_wconf 86' lang='lat' dir='ltr'>Quae</span> <span class='ocrx_word' id='word_1_94' title='bbox 265 1088 489 1128; x_wconf 89' lang='lat' dir='ltr'>scribuntur</span> <span class='ocrx_word' id='word_1_95' title='bbox 508 1103 622 1143; x_wconf 82' lang='lat' dir='ltr'>aquae</span> <span class='ocrx_word' id='word_1_96' title='bbox 641 1088 857 1143; x_wconf 89' lang='lat' dir='ltr'>potoribus.</span> <span class='ocrx_word' id='word_1_97' title='bbox 919 1087 979 1137; x_wconf 86' lang='lat' dir='ltr'>Ut</span> <span class='ocrx_word' id='word_1_98' title='bbox 999 1089 1100 1129; x_wconf 89' lang='lat' dir='ltr'>male</span> <span class='ocrx_word' id='word_1_99' title='bbox 1120 1103 1236 1130; x_wconf 84' lang='lat' dir='ltr'>sanos</span> 
     </span>
     <span class='ocr_line' id='line_1_15' title="bbox 139 1143 1108 1199; baseline 0.001 -15"><span class='ocrx_word' id='word_1_100' title='bbox 139 1143 363 1198; x_wconf 83' lang='lat' dir='ltr'>Adscripsit</span> <span class='ocrx_word' id='word_1_101' title='bbox 385 1143 509 1185; x_wconf 89' lang='lat' dir='ltr'>Liber</span> <span class='ocrx_word' id='word_1_102' title='bbox 532 1144 685 1199; x_wconf 84' lang='lat' dir='ltr'>Satyris</span> <span class='ocrx_word' id='word_1_103' title='bbox 708 1144 938 1198; x_wconf 85' lang='lat' dir='ltr'>Faunisque</span> <span class='ocrx_word' id='word_1_104' title='bbox 958 1152 1108 1199; x_wconf 87' lang='lat' dir='ltr'>poetas,</span> 
     </span>
    </p>

    <p class='ocr_par' dir='ltr' id='par_1_13' title="bbox 138 1198 1358 1311">
     <span class='ocr_line' id='line_1_16' title="bbox 138 1198 1358 1242; baseline 0 -2"><span class='ocrx_word' id='word_1_105' title='bbox 138 1198 246 1240; x_wconf 91' lang='lat' dir='ltr'>Vina</span> <span class='ocrx_word' id='word_1_106' title='bbox 266 1200 348 1240; x_wconf 88' lang='lat' dir='ltr'>fere</span> <span class='ocrx_word' id='word_1_107' title='bbox 369 1200 503 1240; x_wconf 89' lang='lat' dir='ltr'>dulces</span> <span class='ocrx_word' id='word_1_108' title='bbox 524 1200 710 1241; x_wconf 86' lang='lat' dir='ltr'>oluerunt</span> <span class='ocrx_word' id='word_1_109' title='bbox 731 1215 844 1241; x_wconf 85' lang='lat' dir='ltr'>mane</span> <span class='ocrx_word' id='word_1_110' title='bbox 866 1200 1082 1242; x_wconf 83' lang='lat' dir='ltr'>Camoenae.</span> <span class='ocrx_word' id='word_1_111' title='bbox 1333 1202 1358 1240; x_wconf 90' lang='lat'>5</span> 
     </span>
     <span class='ocr_line' id='line_1_17' title="bbox 139 1255 1074 1311; baseline -0.001 -15"><span class='ocrx_word' id='word_1_112' title='bbox 139 1255 347 1297; x_wconf 88' lang='lat' dir='ltr'>Laudibus</span> <span class='ocrx_word' id='word_1_113' title='bbox 365 1256 546 1311; x_wconf 84' lang='lat' dir='ltr'>arguitur</span> <span class='ocrx_word' id='word_1_114' title='bbox 566 1256 647 1296; x_wconf 88' lang='lat' dir='ltr'>vini</span> <span class='ocrx_word' id='word_1_115' title='bbox 669 1256 828 1297; x_wconf 89' lang='lat' dir='ltr'>vinosus</span> <span class='ocrx_word' id='word_1_116' title='bbox 851 1256 1074 1297; x_wconf 86' lang='lat' dir='ltr'>Homerus:</span> 
     </span>
    </p>

    <p class='ocr_par' dir='ltr' id='par_1_14' title="bbox 140 1311 1218 1472">
     <span class='ocr_line' id='line_1_18' title="bbox 140 1311 1218 1367; baseline 0 -15"><span class='ocrx_word' id='word_1_117' title='bbox 140 1311 297 1354; x_wconf 90' lang='lat' dir='ltr'>Ennius</span> <span class='ocrx_word' id='word_1_118' title='bbox 318 1312 402 1367; x_wconf 84' lang='lat' dir='ltr'>ipse</span> <span class='ocrx_word' id='word_1_119' title='bbox 423 1321 535 1366; x_wconf 86' lang='lat' dir='ltr'>pater</span> <span class='ocrx_word' id='word_1_120' title='bbox 554 1327 771 1367; x_wconf 87' lang='lat' dir='ltr'>nunquam,</span> <span class='ocrx_word' id='word_1_121' title='bbox 795 1312 869 1353; x_wconf 91' lang='lat' dir='ltr'>nisi</span> <span class='ocrx_word' id='word_1_122' title='bbox 891 1320 1019 1367; x_wconf 88' lang='lat' dir='ltr'>potus,</span> <span class='ocrx_word' id='word_1_123' title='bbox 1041 1311 1090 1354; x_wconf 88' lang='lat' dir='ltr'>ad</span> <span class='ocrx_word' id='word_1_124' title='bbox 1109 1326 1218 1353; x_wconf 88' lang='lat' dir='ltr'>arma</span> 
     </span>
     <span class='ocr_line' id='line_1_19' title="bbox 141 1367 1164 1423; baseline 0 -15"><span class='ocrx_word' id='word_1_125' title='bbox 141 1368 332 1409; x_wconf 86' lang='lat' dir='ltr'>Prosiluit</span> <span class='ocrx_word' id='word_1_126' title='bbox 350 1367 525 1409; x_wconf 85' lang='lat' dir='ltr'>dicenda.</span> <span class='ocrx_word' id='word_1_127' title='bbox 590 1368 736 1409; x_wconf 87' lang='lat' dir='ltr'>Forum</span> <span class='ocrx_word' id='word_1_128' title='bbox 758 1368 974 1423; x_wconf 86' lang='lat' dir='ltr'>putealque</span> <span class='ocrx_word' id='word_1_129' title='bbox 997 1367 1164 1409; x_wconf 89' lang='lat' dir='ltr'>Libonis</span> 
     </span>
     <span class='ocr_line' id='line_1_20' title="bbox 141 1423 1044 1472; baseline 0 -8"><span class='ocrx_word' id='word_1_130' title='bbox 141 1423 349 1465; x_wconf 88' lang='lat' dir='ltr'>Mandabo</span> <span class='ocrx_word' id='word_1_131' title='bbox 369 1424 494 1472; x_wconf 87' lang='lat' dir='ltr'>siccis,</span> <span class='ocrx_word' id='word_1_132' title='bbox 515 1424 683 1465; x_wconf 88' lang='lat' dir='ltr'>adimam</span> <span class='ocrx_word' id='word_1_133' title='bbox 706 1433 864 1465; x_wconf 86' lang='lat' dir='ltr'>cantare</span> <span class='ocrx_word' id='word_1_134' title='bbox 885 1424 1044 1466; x_wconf 88' lang='lat' dir='ltr'>severis.</span> 
     </span>
    </p>

    <p class='ocr_par' dir='ltr' id='par_1_15' title="bbox 141 1480 1360 1592">
     <span class='ocr_line' id='line_1_21' title="bbox 142 1480 1360 1534; baseline -0.001 -14"><span class='ocrx_word' id='word_1_135' title='bbox 142 1480 236 1521; x_wconf 91' lang='lat' dir='ltr'>Hoc</span> <span class='ocrx_word' id='word_1_136' title='bbox 255 1481 369 1522; x_wconf 90' lang='lat' dir='ltr'>simul</span> <span class='ocrx_word' id='word_1_137' title='bbox 394 1480 513 1529; x_wconf 82' lang='lat' dir='ltr'>edixi,</span> <span class='ocrx_word' id='word_1_138' title='bbox 536 1495 615 1521; x_wconf 90' lang='lat' dir='ltr'>non</span> <span class='ocrx_word' id='word_1_139' title='bbox 637 1495 838 1521; x_wconf 82' lang='lat' dir='ltr'>cessavcre</span> <span class='ocrx_word' id='word_1_140' title='bbox 859 1488 988 1534; x_wconf 86' lang='lat' dir='ltr'>poetae</span> <span class='ocrx_word' id='word_1_141' title='bbox 1311 1481 1360 1519; x_wconf 93' lang='lat'>10</span> 
     </span>
     <span class='ocr_line' id='line_1_22' title="bbox 141 1536 1000 1592; baseline 0 -16"><span class='ocrx_word' id='word_1_142' title='bbox 141 1536 351 1577; x_wconf 81' lang='lat' dir='ltr'>Nocturno</span> <span class='ocrx_word' id='word_1_143' title='bbox 372 1546 522 1577; x_wconf 88' lang='lat' dir='ltr'>certare</span> <span class='ocrx_word' id='word_1_144' title='bbox 542 1552 663 1585; x_wconf 83' lang='lat' dir='ltr'>mero,</span> <span class='ocrx_word' id='word_1_145' title='bbox 686 1544 826 1592; x_wconf 86' lang='lat' dir='ltr'>putere</span> <span class='ocrx_word' id='word_1_146' title='bbox 846 1536 1000 1577; x_wconf 88' lang='lat' dir='ltr'>diurno.</span> 
     </span>
    </p>

    <p class='ocr_par' dir='ltr' id='par_1_16' title="bbox 140 1591 1133 1758">
     <span class='ocr_line' id='line_1_23' title="bbox 142 1591 1133 1647; baseline 0.001 -15"><span class='ocrx_word' id='word_1_147' title='bbox 142 1591 267 1641; x_wconf 85' lang='lat' dir='ltr'>Quid,</span> <span class='ocrx_word' id='word_1_148' title='bbox 290 1592 322 1633; x_wconf 90' lang='lat' dir='ltr'>si</span> <span class='ocrx_word' id='word_1_149' title='bbox 343 1593 432 1647; x_wconf 88' lang='lat' dir='ltr'>quis</span> <span class='ocrx_word' id='word_1_150' title='bbox 452 1593 563 1633; x_wconf 88' lang='lat' dir='ltr'>vultu</span> <span class='ocrx_word' id='word_1_151' title='bbox 586 1601 696 1633; x_wconf 81' lang='lat' dir='ltr'>torvo</span> <span class='ocrx_word' id='word_1_152' title='bbox 715 1592 822 1633; x_wconf 88' lang='lat' dir='ltr'>ferus</span> <span class='ocrx_word' id='word_1_153' title='bbox 842 1599 883 1633; x_wconf 88' lang='lat' dir='ltr'>et</span> <span class='ocrx_word' id='word_1_154' title='bbox 903 1592 1005 1646; x_wconf 89' lang='lat' dir='ltr'>pede</span> <span class='ocrx_word' id='word_1_155' title='bbox 1026 1591 1133 1633; x_wconf 91' lang='lat' dir='ltr'>nudo</span> 
     </span>
     <span class='ocr_line' id='line_1_24' title="bbox 144 1648 1111 1704; baseline 0 -16"><span class='ocrx_word' id='word_1_156' title='bbox 144 1648 397 1704; x_wconf 86' lang='lat' dir='ltr'>Exiguaeque</span> <span class='ocrx_word' id='word_1_157' title='bbox 419 1658 523 1703; x_wconf 79' lang='lat' dir='ltr'>togae</span> <span class='ocrx_word' id='word_1_158' title='bbox 542 1649 701 1689; x_wconf 89' lang='lat' dir='ltr'>simulet</span> <span class='ocrx_word' id='word_1_159' title='bbox 722 1656 876 1689; x_wconf 84' lang='lat' dir='ltr'>textore</span> <span class='ocrx_word' id='word_1_160' title='bbox 901 1648 1111 1696; x_wconf 85' lang='lat' dir='ltr'>Catonem,</span> 
     </span>
     <span class='ocr_line' id='line_1_25' title="bbox 140 1702 1123 1758; baseline -0.001 -13"><span class='ocrx_word' id='word_1_161' title='bbox 140 1705 396 1746; x_wconf 87' lang='lat' dir='ltr'>Virtutemne</span> <span class='ocrx_word' id='word_1_162' title='bbox 417 1712 675 1758; x_wconf 81' lang='lat' dir='ltr'>repraesentet</span> <span class='ocrx_word' id='word_1_163' title='bbox 695 1719 904 1758; x_wconf 86' lang='lat' dir='ltr'>moresque</span> <span class='ocrx_word' id='word_1_164' title='bbox 929 1702 1123 1745; x_wconf 85' lang='lat' dir='ltr'>Catonis?</span> 
     </span>
    </p>

    <p class='ocr_par' dir='ltr' id='par_1_17' title="bbox 141 1759 1363 1928">
     <span class='ocr_line' id='line_1_26' title="bbox 143 1759 1363 1816; baseline 0 -16"><span class='ocrx_word' id='word_1_165' title='bbox 143 1759 273 1815; x_wconf 83' lang='lat' dir='ltr'>Rupit</span> <span class='ocrx_word' id='word_1_166' title='bbox 295 1761 481 1801; x_wconf 86' lang='lat' dir='ltr'>larbitam</span> <span class='ocrx_word' id='word_1_167' title='bbox 503 1760 740 1815; x_wconf 89' lang='lat' dir='ltr'>Timagenis</span> <span class='ocrx_word' id='word_1_168' title='bbox 759 1760 901 1801; x_wconf 83' lang='lat' dir='ltr'>aemula</span> <span class='ocrx_word' id='word_1_169' title='bbox 923 1760 1071 1816; x_wconf 84' lang='lat' dir='ltr'>lingua,</span> <span class='ocrx_word' id='word_1_170' title='bbox 1313 1761 1363 1800; x_wconf 89' lang='lat'>15</span> 
     </span>
     <span class='ocr_line' id='line_1_27' title="bbox 141 1815 1204 1871; baseline -0.002 -13"><span class='ocrx_word' id='word_1_171' title='bbox 141 1816 254 1858; x_wconf 88' lang='lat' dir='ltr'>Dum</span> <span class='ocrx_word' id='word_1_172' title='bbox 275 1817 408 1857; x_wconf 88' lang='lat' dir='ltr'>studet</span> <span class='ocrx_word' id='word_1_173' title='bbox 431 1816 613 1864; x_wconf 64' lang='lat' dir='ltr'>urbanum,</span> <span class='ocrx_word' id='word_1_174' title='bbox 637 1816 845 1871; x_wconf 87' lang='lat' dir='ltr'>tenditque</span> <span class='ocrx_word' id='word_1_175' title='bbox 866 1816 1036 1857; x_wconf 90' lang='lat' dir='ltr'>disertus</span> <span class='ocrx_word' id='word_1_176' title='bbox 1057 1815 1204 1857; x_wconf 87' lang='lat' dir='ltr'>haberi.</span> 
     </span>
     <span class='ocr_line' id='line_1_28' title="bbox 141 1872 1062 1928; baseline -0.001 -14"><span class='ocrx_word' id='word_1_177' title='bbox 141 1872 310 1928; x_wconf 89' lang='lat' dir='ltr'>Decipit</span> <span class='ocrx_word' id='word_1_178' title='bbox 330 1872 533 1927; x_wconf 82' lang='lat' dir='ltr'>exemplar</span> <span class='ocrx_word' id='word_1_179' title='bbox 553 1873 658 1913; x_wconf 88' lang='lat' dir='ltr'>vitiis</span> <span class='ocrx_word' id='word_1_180' title='bbox 674 1872 886 1913; x_wconf 86' lang='lat' dir='ltr'>imitabile:</span> <span class='ocrx_word' id='word_1_181' title='bbox 920 1872 1062 1927; x_wconf 88' lang='lat' dir='ltr'>quodsi</span> 
     </span>
    </p>

    <p class='ocr_par' dir='ltr' id='par_1_18' title="bbox 144 1929 1135 1982">
     <span class='ocr_line' id='line_1_29' title="bbox 144 1929 1135 1982; baseline 0 -13"><span class='ocrx_word' id='word_1_182' title='bbox 144 1929 340 1970; x_wconf 90' lang='lat' dir='ltr'>Pallerem</span> <span class='ocrx_word' id='word_1_183' title='bbox 363 1943 466 1977; x_wconf 87' lang='lat' dir='ltr'>casu,</span> <span class='ocrx_word' id='word_1_184' title='bbox 490 1929 673 1969; x_wconf 83' lang='lat' dir='ltr'>biberent</span> <span class='ocrx_word' id='word_1_185' title='bbox 693 1943 897 1982; x_wconf 84' lang='lat' dir='ltr'>exsangue</span> <span class='ocrx_word' id='word_1_186' title='bbox 919 1929 1135 1969; x_wconf 87' lang='lat' dir='ltr'>cuminum.</span> 
     </span>
    </p>

    <p class='ocr_par' dir='ltr' id='par_1_19' title="bbox 143 1984 1075 2039">
     <span class='ocr_line' id='line_1_30' title="bbox 143 1984 1075 2039; baseline 0 -14"><span class='ocrx_word' id='word_1_187' title='bbox 143 1984 183 2026; x_wconf 93' lang='grc' dir='ltr'>Ο</span> <span class='ocrx_word' id='word_1_188' title='bbox 205 1985 434 2034; x_wconf 84' lang='lat' dir='ltr'>imitatores,</span> <span class='ocrx_word' id='word_1_189' title='bbox 455 2000 612 2025; x_wconf 81' lang='lat' dir='ltr'>servum</span> <span class='ocrx_word' id='word_1_190' title='bbox 635 1999 767 2039; x_wconf 86' lang='lat' dir='ltr'>pecus,</span> <span class='ocrx_word' id='word_1_191' title='bbox 791 1995 834 2026; x_wconf 85' lang='lat' dir='ltr'>ut</span> <span class='ocrx_word' id='word_1_192' title='bbox 854 1985 948 2025; x_wconf 88' lang='lat' dir='ltr'>mihi</span> <span class='ocrx_word' id='word_1_193' title='bbox 969 1999 1075 2039; x_wconf 85' lang='lat' dir='ltr'>saepe</span> 
     </span>
    </p>

    <p class='ocr_par' dir='ltr' id='par_1_20' title="bbox 142 2039 1362 2152">
     <span class='ocr_line' id='line_1_31' title="bbox 144 2039 1362 2096; baseline -0.001 -16"><span class='ocrx_word' id='word_1_194' title='bbox 144 2040 290 2090; x_wconf 87' lang='lat' dir='ltr'>Bilem,</span> <span class='ocrx_word' id='word_1_195' title='bbox 312 2056 417 2096; x_wconf 87' lang='lat' dir='ltr'>saepe</span> <span class='ocrx_word' id='word_1_196' title='bbox 432 2042 568 2096; x_wconf 88' lang='lat' dir='ltr'>jocum</span> <span class='ocrx_word' id='word_1_197' title='bbox 590 2041 708 2082; x_wconf 86' lang='lat' dir='ltr'>vestri</span> <span class='ocrx_word' id='word_1_198' title='bbox 731 2056 890 2081; x_wconf 87' lang='lat' dir='ltr'>movere</span> <span class='ocrx_word' id='word_1_199' title='bbox 911 2041 1104 2081; x_wconf 88' lang='lat' dir='ltr'>tumultus</span> <span class='ocrx_word' id='word_1_200' title='bbox 1123 2039 1132 2082; x_wconf 89' lang='lat'>!</span> <span class='ocrx_word' id='word_1_201' title='bbox 1308 2042 1362 2080; x_wconf 81' lang='lat'>20</span> 
     </span>
     <span class='ocr_line' id='line_1_32' title="bbox 142 2096 1121 2152; baseline 0 -15"><span class='ocrx_word' id='word_1_202' title='bbox 142 2097 291 2138; x_wconf 83' lang='lat' dir='ltr'>Libera</span> <span class='ocrx_word' id='word_1_203' title='bbox 314 2112 382 2151; x_wconf 80' lang='lat' dir='ltr'>per</span> <span class='ocrx_word' id='word_1_204' title='bbox 404 2112 568 2138; x_wconf 88' lang='lat' dir='ltr'>vacuum</span> <span class='ocrx_word' id='word_1_205' title='bbox 590 2097 702 2151; x_wconf 90' lang='lat' dir='ltr'>posui</span> <span class='ocrx_word' id='word_1_206' title='bbox 724 2096 892 2152; x_wconf 82' lang='lat' dir='ltr'>vestigia</span> <span class='ocrx_word' id='word_1_207' title='bbox 913 2097 1121 2151; x_wconf 86' lang='lat' dir='ltr'>princeps:</span> 
     </span>
    </p>

    <p class='ocr_par' dir='ltr' id='par_1_21' title="bbox 143 2152 1134 2207">
     <span class='ocr_line' id='line_1_33' title="bbox 143 2152 1134 2207; baseline -0.001 -14"><span class='ocrx_word' id='word_1_208' title='bbox 143 2153 236 2193; x_wconf 88' lang='lat' dir='ltr'>Non</span> <span class='ocrx_word' id='word_1_209' title='bbox 257 2154 387 2194; x_wconf 85' lang='lat' dir='ltr'>aliena</span> <span class='ocrx_word' id='word_1_210' title='bbox 409 2168 496 2193; x_wconf 90' lang='lat' dir='ltr'>meo</span> <span class='ocrx_word' id='word_1_211' title='bbox 518 2153 640 2207; x_wconf 86' lang='lat' dir='ltr'>pressi</span> <span class='ocrx_word' id='word_1_212' title='bbox 662 2153 775 2207; x_wconf 85' lang='lat' dir='ltr'>pede.</span> <span class='ocrx_word' id='word_1_213' title='bbox 836 2152 920 2201; x_wconf 84' lang='lat' dir='ltr'>Qui</span> <span class='ocrx_word' id='word_1_214' title='bbox 940 2153 1014 2193; x_wconf 88' lang='lat' dir='ltr'>sibi</span> <span class='ocrx_word' id='word_1_215' title='bbox 1036 2152 1134 2201; x_wconf 80' lang='lat' dir='ltr'>fidit,</span> 
     </span>
    </p>

    <p class='ocr_par' dir='ltr' id='par_1_22' title="bbox 142 2208 1205 2320">
     <span class='ocr_line' id='line_1_34' title="bbox 142 2208 1205 2264; baseline -0.002 -14"><span class='ocrx_word' id='word_1_216' title='bbox 142 2208 242 2250; x_wconf 79' lang='lat' dir='ltr'>Dux</span> <span class='ocrx_word' id='word_1_217' title='bbox 264 2210 367 2262; x_wconf 77' lang='lat' dir='ltr'>regit</span> <span class='ocrx_word' id='word_1_218' title='bbox 387 2225 568 2250; x_wconf 87' lang='lat' dir='ltr'>examen.</span> <span class='ocrx_word' id='word_1_219' title='bbox 630 2209 767 2250; x_wconf 87' lang='lat' dir='ltr'>Parios</span> <span class='ocrx_word' id='word_1_220' title='bbox 788 2224 864 2264; x_wconf 88' lang='lat' dir='ltr'>ego</span> <span class='ocrx_word' id='word_1_221' title='bbox 886 2209 1034 2263; x_wconf 89' lang='lat' dir='ltr'>primus</span> <span class='ocrx_word' id='word_1_222' title='bbox 1054 2208 1205 2249; x_wconf 88' lang='lat' dir='ltr'>iambos</span> 
     </span>
     <span class='ocr_line' id='line_1_35' title="bbox 143 2265 1108 2320; baseline -0.002 -13"><span class='ocrx_word' id='word_1_223' title='bbox 143 2265 316 2307; x_wconf 90' lang='lat' dir='ltr'>Ostendi</span> <span class='ocrx_word' id='word_1_224' title='bbox 337 2265 469 2316; x_wconf 79' lang='lat' dir='ltr'>Latio,</span> <span class='ocrx_word' id='word_1_225' title='bbox 491 2280 676 2307; x_wconf 90' lang='lat' dir='ltr'>numeros</span> <span class='ocrx_word' id='word_1_226' title='bbox 695 2265 928 2320; x_wconf 89' lang='lat' dir='ltr'>animosque</span> <span class='ocrx_word' id='word_1_227' title='bbox 948 2272 1108 2306; x_wconf 87' lang='lat' dir='ltr'>secutus</span> 
     </span>
    </p>
   </div>
  </div>
 </body>
</html>
