1390 2586
137 112 218 155 162
563 81 928 144 ixianpnau‘rro'.
1133 125 1137 129 -
1266 115 1357 156 [m.
1374 94 1376 98 ’

135 212 270 247 inimico,
285 217 408 251 propter
422 211 454 240 id
469 211 580 250 ipsum,
604 213 686 251 quod
705 221 796 242 naves
810 213 842 242 in
861 222 897 242 eo
911 212 1068 243 haerebant
1089 222 1188 252 neque
1207 214 1240 244 in
1260 215 1355 245 altum

133 255 259 295 provehi
276 260 425 292 poterant.
1376 251 1378 255 '

179 297 252 334 208,
270 297 340 327 209.
369 293 495 335 [species
509 297 586 326 alias
599 294 691 335 veris]
717 297 854 335 ‘spec-ies,
874 295 1068 336 φαντασίας,
1082 298 1240 336 opiniones
1255 299 1356 329 animo
1373 306 1377 337 ·,

135 346 305 377 conceptas,
331 339 406 368 alias
427 349 445 368 a
468 339 556 373 veris,
579 338 668 368 falsas
690 344 721 368 et
745 339 883 368 confusas
906 340 944 368 ea
963 341 1166 378 exagitatione
1189 341 1302 370 mentis
1327 347 1380 374 et:

135 382 378 416 conturbatione,
394 391 461 419 quae
475 381 572 410 oritur
586 391 624 410 ex
638 381 784 410 scelerum
801 381 1003 411 conscientia)
1040 382 1088 411 sic
1104 383 1181 421 Epp.
1199 381 1226 417 l,
1244 383 1292 419 16,
1307 380 1370 420 20,⁴

134 426 227 454 alium
250 425 382 461 sapiente
407 425 540 462 bonoque.
571 423 649 462 Epp.
672 424 701 457 2.
725 423 753 459 l,
773 424 845 460 240,
871 425 948 454 alius
971 421 1377 466 &saiwa—[commotus]

136 467 291 501 ‘cerritus‚
305 471 407 495 mente
423 466 548 504 captus‚’
563 466 722 505 deranged.

178 508 353 538 212-222
378 505 512 547 [titulos]
535 508 606 537 ‘tibi
622 508 770 546 petendos
780 508 885 546 plenos
899 507 1024 537 laudum
1035 514 1166 543 tuarum,
1179 509 1231 547 qui
1246 518 1359 540 nomen

135 555 224 580 tuum
243 552 325 589 apud
346 556 481 588 posteros
505 551 672 585 aeternent,'
689 550 707 579 i.
723 559 760 585 e.,
776 551 832 579 ‘ob
847 559 954 580 vanarn
969 551 1073 588 gloriae
1088 551 1306 590 cupiditatem-¹
1316 566 1360 573 -

138 594 225 631 [Stas
253 591 364 632 animo]
395 600 494 626 recto;
523 592 595 621 ‘tibi
621 593 685 631 ipse
713 598 831 622 constas
858 602 992 631 sanaque
1017 602 1049 622 es
1073 594 1208 622 mente?
1219 591 1372 633 —[cor].

134 637 379 674 understanding,
396 641 438 664 ut.
455 636 584 674 Egregie
597 636 734 664 cordatus
748 636 828 664 homo
845 635 936 664 Caius
950 635 1045 665 AEh'u'
1056 636 1168 665 Sextus.
1178 633 1377 674 -[Ιίιι]“αηοῆ

135 682 189 707 aut
203 675 363 716 Pusillam]
390 679 464 707 Haec
480 678 603 706 nomina
621 677 704 706 haud
724 686 792 706 raro
811 677 843 706 in
860 677 1012 716 Inscriptt.
1027 679 1231 716 reperiuntur.
1242 693 1285 699 -—
1297 676 1377 717 [in-j

135 718 276 758 ter-dicto]
306 721 375 758 Ulp.
394 721 440 749 Fr.
461 720 508 754 12,
525 720 553 755 2,
568 720 632 749 Lex
646 727 707 748 xn.
721 720 887 749 tabularum
893 717 1043 757 sunonem
1058 722 1180 759 itemque
1192 721 1360 760 prodigum,

135 764 185 792 eui
202 764 282 792 bonis
297 764 539 793 interdictum
553 766 608 799 est,
628 763 659 791 in
673 763 823 791 curatione
839 760 909 800 (pro
923 772 983 800 quo
998 771 1059 791 voc.
1076 763 1197 800 proprio
1216 762 1378 792 Horatiufl*

136 814 164 834 v.
194 806 287 834 tutela
317 804 445 844 mitum)
468 804 559 844 jubet
587 815 649 834 esse
677 802 1049 844 agnatorum—[vitrea]
1077 805 1170 834 ‘falso
1198 805 1374 846 splendoreg

134 847 257 876 nitens.’

179 889 250 924 223,
267 888 336 918 224.
364 887 472 928 [Hunc
486 886 704 927 circumtonuit]
730 888 820 920 Quod
835 888 990 923 attonitus,
1015 885 1247 928 ἐμβρόντητος,
1270 898 1287 918 a
1303 889 1360 919 deo
1375 895 1377 898 ’

135 931 238 970 aliquo
254 932 345 960 homo
366 937 456 969 esset,
476 931 617 960 insanum
634 931 747 960 factum
767 931 922 960 interdum
943 931 1117 967 credebant,
1140 936 1174 960 ut
1188 932 1327 961 cerritum
1342 940 1362 961 a

135 974 257 1009 Cerere,
279 975 460 1012 lymphatum
479 983 498 1002 a
514 973 725 1012 Nymphis.·--
739 971 896 1012 [Bellona]
922 973 1119 1002 Sacerdotum
1143 983 1241 1012 genus
1264 973 1360 1011 signi-

135 1016 216 1051 ficat,
240 1017 320 1054 quod
341 1026 379 1045 ex
402 1016 509 1044 infima
531 1016 620 1053 plebe
639 1021 721 1050 erat;
745 1015 798 1054 qui
818 1016 1000 1045 furiosorum
1024 1016 1055 1044 in
1076 1025 1192 1045 morem
1215 1016 1362 1045 saltantes

135 1059 288 1088 destrictis
301 1058 410 1096 gladiis
429 1067 493 1087 sese
512 1059 721 1094 cruentabant,
741 1064 775 1087 ut
790 1057 881 1093 Galli,
900 1058 1021 1096 Magnae
1038 1058 1146 1087 Matris
1160 1059 1252 1087 deum
1271 1058 1361 1087 ldaeae

135 1101 316 1130 sacerdotes.
346 1101 393 1130 Illi
409 1106 511 1130 autem
527 1101 711 1129 vocabantur
717 1098 852 1139 fanatici
865 1110 901 1130 ex
915 1102 978 1130 oede
992 1101 1184 1130 Bellonae.—
1195 1097 1359 1140 [cruentis]

135 1145 245 1173 ‘rebus
261 1153 284 1172 s.
298 1143 488 1181 spectaculis,
501 1142 627 1171 cruore.’

178 1186 354 1220 224-227.
383 1182 532 1224 [octavus]
558 1184 681 1219 comice,
704 1189 737 1213 ut
752 1184 863 1214 Juven.
879 1185 909 1220 2,
925 1183 975 1221 40,
995 1184 1111 1214 Tertius
1131 1194 1147 1214 e
1167 1185 1237 1214 caelo
1251 1184 1363 1214 decidit

138 1228 212 1258 Caco
224 1239 236 1262 ,·
267 1229 356 1266 grata⁴
385 1232 490 1256 contra
513 1227 683 1265 hyperbola
706 1227 830 1265 Sappho
853 1227 968 1256 Graecis
993 1232 1039 1256 est
1065 1226 1183 1256 decima
1209 1227 1362 1256 Musa.—

137 1268 359 1309 [compellarer]
384 1271 392 1285 ‘
402 1279 440 1299 ne
463 1269 617 1307 injuriosis
632 1269 730 1298 verbis
745 1279 794 1298 me
807 1269 1000 1298 adorirentur
1015 1269 1113 1307 iniqui
1128 1268 1210 1297 mei!
1220 1284 1263 1290 —
1274 1267 1360 1308 [toti-

135 1311 218 1351 dem]
246 1313 340 1351 ‘quot
359 1312 409 1340 ille
434 1311 509 1340 mihi
531 1311 691 1349 ingesserit
707 1312 799 1341 verba
821 1311 972 1340 insaniam
994 1311 1217 1349 significantia5
1239 1311 1362 1347 insane,

136 1355 243 1388 delire,
258 1355 377 1389 cerrite,
392 1355 457 1389 &e.,
475 1354 601 1383 totidem
616 1363 719 1383 rursus
733 1363 880 1391 regeram.
919 1354 969 1383 Sic
982 1363 1052 1382 eum
1069 1354 1182 1383 docebo
1196 1362 1252 1382 sua
1266 1353 1363 1392 ipsiu:

135 1398 211 1426 vitia
224 1397 373 1435 respicere
392 1403 483 1434 atque
499 1396 682 1434 agnoscere!
726 1396 807 1425 Nota
826 1401 872 1425 est
893 1395 1003 1425 fabella
1019 1396 1154 1434 AEsopia,
1175 1395 1251 1424 duas
1274 1405 1363 1434 peras

135 1449 162 1469 s.
176 1442 323 1469 manticas
344 1439 430 1468 nobis
451 1447 517 1468 esse
537 1439 632 1474 datas,
656 1448 748 1468 unam
763 1447 780 1467 e
796 1443 928 1477 pectore,
949 1439 1075 1467 alteram
1097 1448 1114 1467 e
1133 1443 1219 1476 tergo
1233 1447 1362 1476 suspen-

136 1492 220 1515 sam;
247 1482 278 1510 in
303 1482 356 1510 illa
380 1482 481 1510 aliena
501 1481 584 1517 vitia,
609 1481 641 1510 in
666 1481 722 1510 hac
742 1481 865 1519 propria
884 1478 1233 1519 asservari.—[ignoto]
1260 1479 1364 1518 ‘quod

135 1533 294 1562 nunquam
309 1523 467 1552 videmus.’

178 1567 252 1604 228,
265 1567 335 1597 229.
360 1564 435 1605 [sic]
460 1566 558 1603 ‘Opto
573 1575 679 1594 verum
701 1565 777 1594 mihi
797 1565 897 1599 diem
919 1564 972 1601 sic,
994 1564 1045 1593 nbi
1068 1565 1127 1594 hoc
1148 1563 1265 1599 feceris,
1290 1573 1364 1592 con-

136 1609 236 1647 tingat
255 1609 320 1644 tibi,
343 1614 376 1637 ut
398 1613 465 1646 post
487 1608 531 1637 rei
555 1607 710 1637 familiaris
731 1607 936 1645 naufragium,
956 1617 1060 1636 rursus
1082 1607 1201 1636 lucrum
1222 1606 1314 1636 facias
1329 1606 1363 1636 in

137 1651 305 1680 vendendis
329 1651 435 1687 hortis,
460 1650 580 1685 tabulis,
601 1650 706 1688 signis,
730 1655 762 1679 et
781 1650 906 1688 quidem
925 1651 1023 1688 majus
1041 1649 1132 1678 etiam
1150 1658 1242 1687 quam
1261 1653 1363 1684 antea,

136 1703 198 1732 quo
216 1695 338 1732 jactura
359 1694 412 1722 illa
436 1692 495 1721 cito
517 1690 941 1731 compensetur.’—-[pluris]
968 1695 976 1708 ⁶
990 1701 1081 1730 quam
1108 1692 1284 1730 priusquam
1308 1691 1363 1720 de-

136 1733 417 1774 mastix—[Qua
440 1745 483 1764 me
506 1732 652 1772 stultitia]
679 1734 824 1773 ‘Propter
847 1744 940 1772 quam
961 1734 1121 1763 stultitiam
1148 1735 1234 1771 (nam
1259 1733 1364 1771 aliqua

136 1778 274 1808 laborare
299 1787 348 1806 me
370 1775 519 1815 concedo)
540 1778 594 1806 tua
615 1785 653 1806 ex
679 1777 818 1806 doctrina
837 1786 886 1806 me
910 1777 1026 1806 insanis
1045 1775 1253 1806 adnumeras?
1281 1775 1365 1813 quod

137 1820 263 1859 quidem
278 1820 352 1848 mihi
370 1819 460 1848 nimis
476 1828 615 1848 severum
626 1819 776 1858 judicium
793 1819 933 1848 videtur.’

180 1862 355 1893 231—233.
380 1859 572 1900 [abscissum]
601 1862 716 1900 Hygin.
733 1862 767 1891 F.
786 1861 854 1897 184,
874 1862 1031 1896 Pentheus,
1045 1861 1185 1891 Echionis
1201 1863 1232 1891 et
1245 1860 1364 1899 Agaven

129 1906 225 1943 filius,
247 1915 299 1934 rea·
318 1905 492 1940 Thebarum,
510 1905 649 1933 Liberum
667 1906 786 1943 negavit
805 1905 889 1934 deum
909 1913 969 1934 esse
984 1914 1036 1933 nec
1051 1905 1191 1942 mysteria
1206 1901 1272 1941 ejus
1285 1903 1366 1932 acci·

135 1957 207 1986 pere
221 1948 322 1976 voluit.
368 1947 411 1976 Ob
427 1948 478 1976 hoc
492 1957 556 1975 eum
571 1948 672 1985 Agave
695 1951 789 1976 mater
810 1956 873 1976 cum
891 1947 1039 1976 sororibus
1054 1946 1107 1975 Ino
1120 1950 1150 1975 et
1165 1946 1296 1974 Autonoe
1309 1952 1365 1983 per

139 1991 283 2019 insaniam
310 1999 329 2018 a
352 1989 459 2018 Libero
481 1988 623 2028 objectam
646 1989 827 2019 membratim
852 1990 983 2018 laniavit.
1030 1988 1109 2017 Male
1138 1988 1190 2017 alii
1218 1987 1365 2016 abscisum

141 2030 263 2070 (ferro).
302 2032 348 2060 De
363 2031 471 2060 eadem
487 2041 519 2059 re
536 2031 623 2060 Ovid.
642 2031 714 2060 Met.
731 2031 759 2067 3,
777 2031 848 2066 732,
868 2027 1005 2070 (Agave)
1022 2031 1260 2068 Amal-eumque
1275 2031 1366 2078 caput

139 2075 244 2113 digitis
258 2074 404 2112 complexa
419 2075 557 2108 cruentis,
574 2074 689 2103 Clamat
705 2074 746 2103 Io.
757 2089 798 2094 --
809 2071 919 2112 [veris]
947 2078 981 2102 ut
995 2081 1087 2111 supra
1098 2082 1124 2101 ι’.
1136 2072 1208 2107 223,
1223 2071 1364 2106 cruentis,

141 2126 168 2145 v.
183 2116 255 2151 244,
269 2126 424 2155 pravorum
438 2120 467 2145 et
481 2126 587 2150 amore,
610 2117 671 2145 Sat.
687 2117 717 2152 2,
733 2116 762 2151 8,
778 2115 827 2151 83,
834 2116 917 2153 fictis
931 2125 1040 2145 rerum.

183 2158 285 2188 236-
289 2158 358 2188 243.
386 2156 516 2197 [longos]
545 2158 682 2188 ‘Divites
706 2158 866 2187 aemulatus
890 2158 922 2187 in
952 2157 1058 2187 villula
1085 2157 1140 2185 tua
1162 2156 1288 2184 domum
1316 2153 1366 2183 vel

140 2201 274 2240 porticus
293 2210 375 2230 nunc
395 2201 495 2239 ipsum
514 2201 654 2234 exstruis,
675 2200 707 2229 id
726 2201 807 2238 quod
828 2206 921 2229 curtae
940 2205 1001 2229 tuae
1024 2199 1067 2228 rei
1086 2193 1194 2236 par'um
1213 2197 1365 2232 convenit,

141 2243 198 2272 nec
216 2243 316 2271 minus
337 2243 499 2272 ridiculum
519 2247 566 2272 est
583 2252 674 2280 quam
695 2243 719 2272 si
739 2248 782 2278 tu,
796 2252 890 2281 prope
909 2242 1046 2281 pumilio,
1060 2241 1165 2278 longos
1179 2245 1259 2269 statu
1273 2244 1366 2276 atque

140 2285 261 2314 incessu
281 2285 392 2314 imitari
417 2285 511 2314 velis.¹
554 2285 684 2314 “Turbo
702 2285 853 2323 gladiator
872 2284 930 2315 fuit
948 2285 1059 2322 exiguo
1081 2292 1215 2332 corpore,
1229 2281 1282 2310 sed
1298 2280 1364 2310 ani-

141 2336 244 2357 mosus
257 2328 393 2368 pugna.”
420 2328 529 2367 Porph.
539 2343 580 2350 —-
591 2326 932 2367 [Spiritum—majorem
945 2323 1078 2365 corpore]
1094 2324 1103 2340 ‘
1114 2326 1258 2364 maJorem
1273 2331 1365 2362 quam
