1390 2586
125 112 151 148 4
494 119 752 147 SATIRARUM
781 119 867 147 Lm.
890 120 918 147 1.
938 110 978 148 2.

128 219 399 273 opprimeret,
420 218 636 259 metuebat.
699 220 755 258 At
775 218 881 259 hunc
900 219 1043 260 liberta
1060 219 1191 261 securi

127 275 279 316 Divisit
299 275 487 323 medium,
509 274 722 315 fortissima
742 274 1079 329 Tyndaridarum.
1263 279 1341 317 100

89 314 239 378 “Quid
262 331 314 370 mi
335 331 457 386 igitur
477 330 649 371 suades?
671 338 715 370 ut
734 330 862 371 vivam
888 331 1094 374 Maenius?
1113 339 1184 374 aut
1201 332 1271 382 sic,

127 386 188 427 Ut
210 387 486 427 Nomentanus
501 377 554 427 ?''
580 386 721 441 Pergis
742 386 963 441 pugnantia
982 402 1118 428 secum

128 442 343 483 Frontibus
363 442 536 483 adversis
557 457 820 496 componere:
853 457 932 483 non
954 458 1044 498 eg0‚
1065 459 1228 485 avarum

126 497 265 545 Quum
288 509 379 538 veto
401 507 438 538 te
461 498 558 546 fieri,
583 513 751 552 vappam
767 498 892 552 jubeo
911 514 958 540 ac
977 499 1232 542 nebulonem.

127 553 201 594 Est
222 555 326 595 inter
347 554 502 594 Tanain
526 554 712 608 quiddam
733 569 997 609 socerumque
1018 555 1174 597 Viselli.
1266 559 1342 597 105

129 609 203 651 Est
224 610 361 650 modus
382 610 421 650 in
444 610 574 658 rebus,
597 618 691 651 sunt
710 610 808 651 certi
828 611 1005 665 denique
1025 611 1138 661 fines,

129 665 244 713 Quos
265 667 368 706 ultra
387 667 565 720 citraque
587 666 728 720 nequit
748 667 962 708 consistere
983 678 1150 709 rectum.
1376 694 1388 703 ·

127 721 243 770 Illuc,
267 722 372 762 unde
392 722 484 770 abii,
507 720 640 762 redeo.
702 722 886 763 Nemone
908 731 951 764 ut
969 738 1110 764 avarus
1186 728 1390 794 1ᾅνιιέν).

130 778 183 818 Se
234 778 345 818 robet
381 793 426 818 ac
475 777 578 818 otius
598 778 734 820 laudet
753 777 907 820 Hlversa
925 794 967 820 se
1002 783 1142 821 tientes
1155 779 1172 820 ?
1248 780 1388 829 kasa

129 833 332 888 Quodque
353 834 482 874 aliena
503 834 655 888 capella
674 843 788 890 gerat
835 843 1018 877 1stentu1s
1038 851 1064 876 u
1094 851 1149 886 er,
1197 824 1230 855 *”
1266 840 1344 877 110

126 890 166 930 Τ
167 890 359 931 abescat'?
391 905 520 944 neque
541 905 582 930 se
604 891 743 946 majori
764 892 1044 946 pauperiorum

128 940 278 987 Turbae
299 954 522 1000 comparet3
550 946 655 987 hunc
674 955 795 1001 atque
817 947 922 988 hunc
941 962 1129 1003 superare
1149 947 1331 989 laboret?

128 1002 196 1043 Sic
217 1002 420 1043 festinanti
441 1017 598 1056 semper
618 1003 853 1058 locupletior
872 1004 1022 1045 obstat:

130 1058 201 1106 Ut,
225 1073 348 1112 quum
370 1059 592 1099 carceribus
612 1059 751 1100 missos
771 1059 875 1114 rapit
897 1060 1047 1115 ungula
1066 1075 1215 1110 currus,

129 1114 258 1155 Instat
278 1114 391 1168 equis
410 1115 549 1169 auriga
568 1129 660 1155 suos
680 1115 945 1165 vincentibus,
967 1116 1078 1156 illum
1268 1119 1345 1157 115

129 1170 383 1211 Praeteritum
405 1178 588 1211 temnens
608 1180 807 1212 extremos
827 1171 930 1213 inter
950 1183 1126 1214 euntem.

128 1226 229 1266 Inde
251 1227 307 1275 fit,
331 1236 374 1267 ut
394 1242 493 1275 raro,
517 1227 586 1281 qui
607 1242 649 1267 se
671 1228 817 1268 vixisse
839 1227 999 1269 beatum

128 1282 264 1332 Dicat,
288 1290 328 1323 et
348 1291 488 1323 exacto
508 1291 720 1324 contentus
742 1293 920 1339 tempore
940 1284 1034 1325 vitae

130 1338 259 1379 Cedat
280 1339 337 1379 uti
358 1339 525 1379 conviva
544 1348 664 1388 satur,
686 1340 860 1394 reperire
881 1354 1087 1395 queamus.

127 1394 217 1435 Jam
238 1395 331 1435 satis
353 1403 435 1436 est:
469 1410 518 1435 ne
541 1410 603 1435 me
628 1395 803 1450 Crispini
824 1396 968 1450 scrinia
987 1396 1087 1451 lippi
1270 1399 1347 1436 120

130 1450 377 1506 Compilasse
399 1460 527 1506 putes,
550 1452 715 1492 verbum
738 1467 817 1492 non
838 1451 1008 1507 amplius
1027 1451 1180 1493 addam.

1085 1581 1137 1616 β,

580 1667 637 1693 EX
669 1667 761 1694 SATI
770 1667 825 1694 RA
856 1667 905 1694 11.

130 1740 446 1781 Ambubaiarum
468 1741 650 1796 collegia,
673 1742 1001 1798 pharmacopolae,

132 1796 326 1845 Mendici,
349 1798 493 1846 mimae,
517 1799 752 1847 balatrones,
776 1799 850 1840 hoc
869 1814 998 1855 genus
1018 1814 1136 1840 omne

100 1891 104 1901 ,
131 1852 322 1894 Maestum
343 1869 388 1894 ac
408 1854 620 1895 sollicitum
642 1863 701 1895 est
721 1855 890 1896 cantoris
911 1865 1037 1897 morte
1059 1855 1113 1896 Ti
1145 1854 1235 1896 elli:

131 1909 296 1963 Quippe
319 1909 518 1965 benignus
538 1918 634 1951 erat.
697 1911 848 1952 Contra
867 1912 942 1961 hic,
966 1927 1017 1953 ne
1038 1871 1228 1968 prodigus
1247 1925 1334 1952 esse
1384 1927 1387 1931 ·

130 1964 303 2006 Dicatur
322 1975 517 2012 metuens,
540 1966 647 2021 inopi
671 1966 764 2007 dare
785 1968 884 2009 nolit
903 1969 1044 2018 amico,
1322 1971 1347 2008 5

131 2020 276 2075 Frigus
297 2037 377 2076 quo
398 2022 616 2077 duramque
637 2023 782 2063 famem
803 2024 1026 2079 propellere
1046 2023 1184 2079 possit.

132 2077 255 2117 Hunc
274 2077 307 2117 si
329 2080 584 2132 perconteriS‚
605 2078 669 2119 avi
690 2094 759 2119 cur
778 2088 899 2135 atque
921 2080 1096 2136 parentis

131 2132 367 2174 Praeclaram
387 2134 543 2189 ingrata
565 2135 734 2189 stringat
755 2136 879 2177 malus
900 2136 1078 2192 ingluvie
1099 2150 1198 2189 rem,

131 2187 282 2229 Omnia
302 2191 506 2231 conductis
527 2206 713 2231 coemens
733 2192 896 2233 obsonia
914 2192 1112 2233 nummis:

131 2244 322 2285 Sordidus
342 2255 462 2301 atque
482 2247 603 2287 animi
625 2248 730 2302 quod
752 2249 862 2303 parvi
882 2248 982 2289 nolit
1002 2248 1152 2297 haberi,
1298 2249 1348 2287 10

127 2300 376 2355 Respondet.
435 2302 642 2345 Laudatur
661 2304 710 2345 ab
733 2304 805 2357 his,
825 2305 1007 2360 culpatur
1025 2305 1075 2346 ab
1095 2304 1186 2345 illis.

84 2436 160 2479 †7‘
222 2421 307 2472 rl.
371 2437 582 2503 ῘιέκκιυΙ
635 2434 852 2488 ιιίςρβ
891 2440 1159 2543 mosny
1190 2452 1390 2486 mm«-

197 2490 316 2553 (sl.
