1390 2586
136 98 216 140 168
561 97 924 127 INTERPRETATIO.
1268 96 1356 140 [SAT-

131 199 250 234 toralia,
267 197 383 227 Isidoro
399 197 451 225 Or.
468 195 517 230 19,
532 195 582 230 26,
601 195 700 234 Tyria·
714 199 806 225 vestes
823 199 926 224 autem
948 204 1092 234 purpura,
1117 204 1178 233 qua
1198 196 1336 227 cervicali

131 241 250 278 torique
266 239 409 268 tumentis
423 238 491 267 farti
507 243 593 266 erant
608 237 751 275 cooperti.
779 237 841 266 Cfr.
859 238 920 266 Sat.
936 237 966 272 2,
981 237 1010 272 4,
1029 237 1098 267 102.
1124 238 1203 276 Epp.
1222 238 1250 274 1,
1262 240 1293 274 5,
1306 239 1355 271 21.

173 282 307 313 91—94.
334 277 510 319 [interpres]
537 279 622 317 quasi
647 276 818 319 ὑποφὴτης
841 278 986 317 sapientis
1009 279 1091 308 illius
1115 280 1211 318 ignoti
1228 279 1272 319 (v-
1289 281 1357 318 10).b
1382 295 1383 298 ¹

130 321 389 363 ·—[tantundem]
424 326 532 360 ‘quam
556 322 622 360 ipsa
643 328 810 359 praeceptor
831 321 921 350 tuus!
935 319 1208 361 ——[habitumque]
1239 324 1339 353 ‘omn‘

130 372 242 405 proeter
268 366 385 394 vultum
414 365 510 394 forma
536 363 668 393 exterior
692 370 783 401 atque
813 363 988 392 cultus.’—
1003 361 1120 402 [fontes
1168 364 1290 394 Festiva
1310 374 1344 396 es

131 406 283 448 παρῳόἱα
301 407 474 437 Lucretiani
489 405 582 442 illius,
599 406 626 442 1,
641 405 712 441 926,
719 405 810 445 juvat
825 407 954 445 integros
967 407 1104 436 accedere
1130 410 1210 437 ontes
1225 407 1254 436 A
1264 411 1333 447 tqu

131 452 150 480 h
160 462 178 481 a
187 462 206 481 u
215 453 251 480 ri
261 461 276 480 r
286 460 310 480 e.
799 459 803 462 ·

635 533 791 563 SATIRA
817 533 852 562 V.

174 621 311 650 Ancum.
338 614 491 649 Auctfi'in
515 619 579 648 dies
605 627 724 647 morum
748 617 930 656 corruptela,
958 617 1082 647 tandem
1106 617 1219 647 facturn
1243 623 1300 656 est,
1322 628 1343 648 u

131 663 257 693 fortasse
279 664 311 692 in
337 663 420 692 nullo
445 662 504 691 alio
526 661 638 700 populo
661 661 758 698 magis
782 670 875 699 quam
899 660 981 698 apud
1005 660 1158 689 Romanos
1181 660 1238 690 hoc
1263 665 1341 690 testa

131 712 304 735 mentorum
332 705 550 743 captandorum
579 703 714 732 studium
738 704 776 732 ab
804 702 990 740 heredipetis
1015 707 1172 740 tamquam
1195 703 1342 741 singulari

132 749 271 786 quaedam
289 757 336 777 ars
353 753 382 775 et
398 747 537 785 proprius
559 751 691 784 quaestus
711 749 914 774 exerceretur.
950 743 1011 774 efr.
1028 745 1102 774 Hor.
1120 744 1198 783 Epp.
1217 744 1246 780 l,
1266 745 1292 781 1,
1307 744 1349 780 77

132 791 239 820 Cicero
256 791 361 820 Parad.
378 790 407 823 5,
422 790 451 818 2.
486 789 600 817 Seneca
614 788 652 817 de
668 787 772 816 Benef.
787 787 818 821 6,
834 786 885 816 38.
910 786 1009 825 Epist.
1023 786 1072 816 68.
1098 786 1175 815 Plin.
1193 787 1232 816 H.
1250 787 1289 817 N.
1307 787 1322 817 1

131 833 263 862 Prooem.
279 832 421 862 Juvenal.
439 832 499 860 Sat.
518 831 567 868 12,
582 831 701 859 Petron.
724 831 786 859 Sat.
803 829 873 864 124,
899 835 930 858 et
946 830 1051 858 crebro
1069 829 1151 867 apud
1175 829 1355 859 Lucianum·

132 881 166 904 ut
185 875 263 904 Dial.
283 875 374 904 Mort.
394 874 423 902 6.
468 874 583 902 Contra
605 872 660 901 hos
684 872 787 910 igitur,
811 872 863 909 qui
882 872 1068 900 vocabantur
1090 875 1268 909 captatores,
1292 872 1313 901 h
1355 876 1358 877 ’

133 916 233 947 satira
248 917 418 955 conscripta
432 921 486 950 est,
506 924 610 944 omnes
627 914 720 950 dolos,
739 913 877 949 artificia,
900 913 1026 942 insidias
1042 914 1225 949 describens,
1248 914 1320 952 quib

130 960 270 989 homines
290 960 340 989 isti
365 959 409 987 nti
433 959 579 987 solebant.
624 957 672 986 Ex
694 955 804 986 festivfi
825 961 926 984 aulem
951 952 1100 996 παρῳδίᾳ
1129 956 1302 992 Homeficfi,
1323 956 1355 993 i,
1388 976 1390 979 -

131 1013 192 1041 quo
215 1011 327 1040 genere
351 1001 432 1040 apud
449 1001 570 1029 Graecos
594 999 784 1028 excellebant
804 996 917 1028 Σῖλλοι
933 998 1070 1027 Timonis
1091 997 1229 1033 Philassi,
1251 998 1324 1027 Ulix

130 1045 230 1084 pergit
254 1044 442 1081 interrogare
467 1044 504 1071 de
528 1041 786 1071 vicissitudinibus
810 1040 920 1069 futurae
944 1050 1007 1069 suoe
1030 1040 1110 1075 vitae,
1133 1040 1165 1069 in
1189 1040 1295 1079 primis
1319 1041 1339 1070 d

131 1087 299 1116 certissimo
314 1095 386 1124 opes
402 1085 526 1114 amissas
541 1084 740 1122 recuperandi
756 1083 858 1120 modo,
871 1082 949 1111 vatis
965 1082 1102 1111 Thebani
1118 1083 1268 1117 umbram,
1285 1092 1340 1112 con

130 1130 254 1159 tinuans
278 1129 363 1167 quasi
388 1138 435 1157 vv.
461 1127 572 1165 Odyss.
595 1127 632 1156 A.
660 1125 728 1160 137.
773 1125 890 1164 Scripta
920 1129 1021 1154 autem
1044 1125 1165 1154 videtur
1187 1124 1338 1154 Kirchner

133 1179 164 1202 A.
182 1180 213 1201 u.
229 1180 255 1201 e.
272 1171 344 1206 725.

176 1214 265 1244 1—3.
292 1210 448 1252 [narrata]
476 1213 511 1240 ‘a
534 1216 564 1240 te
592 1210 669 1239 mihi
698 1209 798 1239 dicta.¹
836 1206 1102 1248 Aen—[doloso]
1130 1209 1266 1238 ‘homini
1295 1214 1371 1239 tam,

131 1262 197 1286 cato
212 1262 304 1294 atque
322 1254 499 1293 ingenioso)

173 1299 287 1334 7-—11.
309 1294 481 1338 [apotheca]
507 1296 588 1324 unde
608 1296 734 1334 bottega,
757 1294 902 1333 boutique,
916 1293 1013 1328 Bude,
1029 1293 1123 1330 booth,
1144 1293 1219 1322 cella
1242 1286 1369 1324 vinarii?

130 1342 162 1372 in
187 1341 342 1380 superiore
368 1340 481 1369 aedium
507 1343 605 1377 parte,
634 1347 726 1375 supra
749 1336 924 1366 fumarium.
969 1335 1087 1364 Colum.
1111 1335 1139 1371 l,
1165 1335 1194 1371 6,
1219 1335 1270 1374 20,
1289 1337 1369 1367 vinass

130 1385 255 1415 celerius
279 1386 486 1416 vetustescunt,
513 1391 577 1419 qnae
598 1378 678 1418 sumi
707 1380 831 1418 quodam
855 1382 952 1407 tenore
973 1387 1130 1416 praecocem
1159 1379 1362 1409 maturitatem.

131 1428 313 1457 trahunt.—
325 1423 425 1464 [vilior
438 1425 509 1462 alga
523 1421 584 1462 est]
598 1422 806 1451 proverbium.
829 1420 891 1450 Cfr.
909 1421 966 1449 Od.
982 1419 1011 1455 3,
1028 1420 1076 1454 17,
1090 1420 1120 1454 9,
1135 1421 1362 1460 inutili—alga.

131 1470 215 1507 Virg.
234 1469 298 1498 Ecl.
311 1468 341 1502 7,
358 1467 407 1502 42,
421 1465 556 1505 projecta
571 1466 656 1495 vilior
670 1465 800 1503 algd.——
811 1460 969 1502 [Quando]
997 1464 1004 1478 ‘
1018 1462 1171 1493 Quoniam
1185 1462 1250 1491 sine
1266 1463 1360 1501 longi

130 1513 293 1542 verborum
317 1510 504 1544 circuitione,
523 1507 700 1546 simpliciter
722 1511 752 1535 et
776 1510 889 1543 aperte,
910 1505 995 1534 nullo
1013 1503 1088 1533 falso
1105 1504 1221 1542 pudore
1241 1506 1358 1533 abster-

130 1556 217 1589 ritus,
233 1558 443 1593 paupertatem
459 1550 656 1579 reformidare
671 1554 700 1577 te
716 1547 838 1577 fateris!
848 1563 889 1568 -—
901 1543 1052 1585 [privum]
1073 1547 1081 1562 ‘
1093 1546 1270 1584 proprium‚'
1286 1547 1359 1576 hinc

125 1597 326 1636 privilegium.
352 1594 431 1624 Gell.
458 1593 505 1628 10,
532 1593 581 1627 20,
612 1591 729 1620 Veteres
748 1591 857 1629 priva
877 1590 1026 1624 dixerunt,
1050 1598 1114 1627 quae
1137 1599 1188 1618 nos
1210 1590 1359 1628 cingula

129 1641 266 1669 dicimus.
308 1637 358 1666 ‘Si
383 1636 459 1675 quid
480 1636 518 1664 ab
543 1634 640 1663 amico
660 1633 715 1662 tibi
741 1633 872 1661 donatur
894 1632 931 1660 effi
956 1631 1042 1669 quasi
1066 1631 1238 1660 conditione
1261 1640 1359 1670 eoque

131 1682 267 1716 consilio,
292 1685 326 1708 ut
342 1685 373 1708 tu
390 1679 471 1707 solus
484 1686 519 1706 eo
533 1675 643 1711 fruare,
668 1685 728 1704 non
744 1675 820 1703 alius
837 1674 956 1711 aliquis,
982 1673 1180 1702 nihilominus
1198 1678 1231 1702 tn
1247 1673 1359 1704 donato

131 1723 238 1754 diviti.'
251 1741 291 1746 —
302 1718 447 1761 [devolet]
471 1719 480 1735 ⁵
492 1719 550 1749 cito
566 1717 719 1747 deferatur
729 1717 747 1752 ς’
767 1716 946 1754 metaphora
959 1720 1081 1754 sumpta
1093 1724 1113 1744 a
1127 1716 1222 1745 turdo.

175 1764 307 1795 13-18,
333 1759 484 1803 [honores]
510 1766 543 1790 ut
559 1761 616 1790 Od.
635 1760 662 1796 1,
680 1759 728 1794 17,
745 1759 793 1795 16,
813 1760 892 1788 ruris
906 1759 1036 1793 honora,
1051 1757 1186 1787 ‘fructus
1201 1757 1306 1787 laetosl
1317 1770 1360 1780 —·

133 1807 229 1849 [Ante
243 1804 366 1844 Larem]
394 1805 414 1821 “
425 1803 622 1834 Consuetudo
637 1802 704 1838 fuit,
726 1807 759 1830 ut
774 1804 876 1830 rerum
894 1800 1036 1838 primitiae
1054 1800 1100 1829 dis
1117 1799 1244 1829 Laribus
1263 1809 1361 1838 pone⁴

130 1850 267 1881 rentur.''
306 1849 468 1886 Porph.—-
479 1845 555 1885 [sine
567 1842 672 1885 gente]
697 1844 758 1873 Cic.
775 1843 851 1882 Top.
867 1842 896 1878 6,
915 1843 1046 1872 Gentiles
1067 1846 1145 1877 sunt,
1163 1843 1215 1881 qui
1234 1843 1312 1871 inter
1328 1850 1360 1872 u

132 1895 229 1924 eodem
251 1892 364 1922 nomine
387 1893 456 1919 sunt
479 1887 606 1928 (Titius,
636 1885 843 1925 Sempronius,
867 1882 1062 1923 Cornelius):
1090 1885 1141 1924 qui
1163 1884 1201 1914 ab
1224 1885 1360 1924 ingenuis

132 1936 251 1966 oriundi
266 1937 333 1964 sunt
344 1945 354 1963 .-
377 1941 497 1972 quorum
521 1929 663 1969 majorum
681 1939 762 1959 nemo
779 1929 946 1958 servitutem
964 1928 1104 1960 servivit5
1126 1927 1178 1965 qui
1191 1928 1289 1965 capite
1303 1937 1360 1957 non

131 1983 199 2009 sunt
214 1977 367 2007 deminuti.
411 1975 429 1990 “
442 1973 634 2006 Libertinus;
658 1981 729 2000 nam
745 1971 810 2000 sine
826 1975 917 2008 gente
935 1969 1101 1999 libertini-'⁹
1143 1969 1249 1998 Comm.
1268 1969 1361 2008 Gruq.

131 2037 174 2043 ——
186 2015 369 2060 [fugitivus]
384 2019 392 2033 ‘
401 2017 484 2050 olim,
495 2025 563 2044 cum
575 2014 752 2044 servitutem
766 2012 913 2042 serviret.'
922 2027 965 2033 -—-
976 2009 1083 2050 [comes
1094 2008 1235 2049 exterior]
1253 2011 1360 2040 ‘sinie-

133 2064 235 2098 terior,
257 2062 304 2090 ins
327 2060 435 2090 inisti-{i
457 2063 542 2096 parte
564 2057 700 2095 positus)
727 2057 799 2085 Acr.
837 2055 947 2084 Juven.
965 2053 994 2089 3,
1012 2053 1080 2089 131,
1095 2053 1207 2083 Divitis
1221 2053 1269 2082 hic
1282 2054 1361 2084 servs·

133 2106 246 2135 claudit
261 2105 340 2133 latus
361 2103 549 2141 ingenuorum
564 2100 682 2129 Filius:
707 2098 759 2127 ubi
785 2097 885 2127 Schol.
908 2096 971 2125 “in
993 2095 1118 2125 sinistra
1140 2095 1360 2124 ambulat.”—-

135 2146 235 2187 [Ulne
260 2143 372 2185 tegam]
399 2145 431 2173 in
449 2144 539 2182 prosit
560 2151 605 2171 or.
622 2143 630 2156 ‘
641 2150 736 2179 egone
755 2145 789 2169 ut
804 2145 905 2177 tegam
917 2138 941 2167 Ῥ
965 2138 1087 2167 Terent.
1101 2137 1198 2167 Andr.
1215 2137 1243 2173 l,
1259 2138 1288 2173 5,
1305 2137 1358 2172 28,

132 2191 210 2220 Eine
225 2199 278 2228 ego
291 2193 324 2218 ut
338 2187 499 2217 adverser?
509 2201 550 2206 —
561 2181 696 2223 [Damae]
722 2178 940 2223 (Δημόδωρος,
955 2179 1095 2220 Δημᾶς)
1110 2179 1245 2209 ‘homini
1267 2178 1358 2209 alicui

133 2232 186 2262 vili
200 2242 234 2261 ac
249 2231 378 2270 perdito,
395 2229 515 2267 qualern
531 2232 564 2256 tu
579 2225 782 2264 descripsisti!
826 2224 896 2253 Non
911 2223 1031 2252 videtur
1046 2231 1174 2260 persona
1189 2227 1271 2251 certa
1290 2231 1359 2259 quae

136 2280 210 2305 tunc
236 2274 268 2302 in
284 2273 358 2302 vivis
375 2271 478 2307 suerit,
498 2270 552 2300 sed
575 2278 686 2298 nornen
710 2277 872 2297 commune
894 2265 1027 2295 hominis
1049 2264 1166 2294 servilis
1186 2265 1244 2294 loci
1266 2268 1358 2302 atque
