1390 2586
130 114 185 153 58
473 120 788 151 EPlsToLARUM
817 120 904 150 Lm.
927 122 956 152 1.
975 111 1015 149 2.

136 222 185 264 In
207 230 299 264 cute
320 221 495 264 curanda
514 221 603 276 plus
623 235 738 275 aequo
758 227 919 276 operata
933 221 1140 276 juventus,
1206 235 1208 238 ·

137 279 217 321 Cui
236 278 445 334 pulchrum
467 278 572 318 fuit'
562 292 603 317 ιη
624 277 776 318 medios
796 277 967 318 dormire
987 277 1084 326 dies,
1106 285 1147 319 et

136 335 204 376 Ad
223 335 432 389 strepitum
454 333 615 375 citharae
634 342 829 374 cessatum
850 333 995 374 ducere
1016 347 1162 374 curam.
1298 333 1352 372 30

136 391 198 433 Ut
213 391 404 446 jugulent
423 390 617 438 homines,
639 396 811 444 surgunt
829 389 878 429 de
899 398 1014 430 nocte
1034 391 1232 430 latrones·
1221 417 1231 436 ‚

137 447 199 489 Ut
218 456 257 488 te
278 449 408 502 ipsum
428 460 573 494 serves,
596 460 677 485 non
698 445 1020 500 expergisceris?
1047 445 1174 500 atqui,

139 503 184 544 Si
203 503 315 544 noles
335 516 465 551 sanus,
488 516 622 542 curres
642 501 904 556 hydropicus:
936 509 989 550 et,
1011 501 1053 541 ni

138 559 286 600 Posces
307 566 400 600 ante
421 558 526 598 diem
547 557 693 598 librum
713 572 802 598 cum
824 556 987 606 lumine,
1010 556 1043 598 si
1063 571 1143 597 non

138 615 331 656 Intendes
350 614 528 655 animum
548 613 688 654 studiis
708 623 749 654 et
767 613 886 653 rebus
906 613 1093 662 honestis,
1301 615 1356 653 35

138 671 299 713 Invidia
318 671 382 711 vel
403 685 536 711 amore
557 669 655 725 vigil
676 669 927 723 torquebere.
987 668 1093 709 Nam
1114 683 1196 718 cur,

140 726 247 775 Quae
267 727 417 768 laedunt
437 726 608 774 oculum,
631 726 794 767 festinas
815 725 998 773 demere3
1029 726 1062 766 si
1083 724 1179 780 quid

141 783 216 824 Est
234 784 425 832 animum,
447 781 582 822 differs
603 781 766 822 curandi
787 789 945 836 tempus
965 781 1004 821 in
1027 779 1208 822 annum?

140 839 367 880 Dimidium
389 839 494 887 facti,
518 838 593 902 qui·
609 837 743 891 coepit,
766 837 909 878 habet:
940 851 1080 892 sapere
1099 836 1225 883 aude3

142 895 306 950 Incipe:
339 895 407 949 qui
428 903 536 935 recte
557 893 717 934 vivendi
740 900 927 949 prorogat
946 893 1095 942 horam,
1306 895 1359 932 40

144 951 335 992 Rusticus
356 958 574 1005 exspectat,
596 950 690 990 dum
711 949 861 990 defluat
879 951 1030 996 amnis;
1061 957 1102 990 at
1121 949 1189 989 ille

142 1007 324 1056 Labitur,
347 1014 388 1048 et
409 1006 594 1047 labetur
584 1021 625 1046 m
646 1020 763 1046 omne
785 1005 968 1046 volubilis
988 1020 1131 1047 aevum.

142 1063 349 1111 Quaeritur
368 1070 594 1118 argentum,
616 1062 832 1117 puerisque
854 1061 970 1102 beata
989 1061 1169 1102 creandis

142 1120 271 1168 Uxor,
295 1127 337 1160 et
357 1119 517 1160 incultae
536 1126 729 1183 pacantur
749 1132 908 1158 vomere
928 1117 1049 1158 silvae.

142 1175 264 1223 Quod
285 1175 378 1216 satis
399 1183 471 1223 est,
490 1176 553 1215 cui
574 1175 756 1229 contigit,
774 1174 839 1214 hic
859 1173 958 1214 nihil
977 1173 1149 1229 amplius
1169 1179 1292 1228 optet.
1308 1174 1362 1212 45

145 1231 236 1273 Non
258 1232 397 1272 domus
418 1240 459 1272 et
478 1230 637 1280 fundus,
660 1245 739 1271 non
761 1230 850 1271 aeris
869 1244 1034 1271 acervus
1053 1238 1094 1271 et
1112 1229 1200 1271 auri
1233 1259 1237 1263 -

142 1287 322 1352 AEgroto
338 1287 488 1327 domini
510 1286 677 1328 deduxit
697 1301 861 1341 corpore
882 1286 1026 1335 febres,

146 1344 237 1384 Non
259 1344 392 1384 animo
412 1358 537 1384 curas.
596 1342 742 1383 Valeat
762 1356 963 1397 possessor
982 1350 1152 1398 oportet,

145 1399 189 1440 Si
211 1400 465 1464 comportatis
484 1400 602 1439 rebus
623 1399 727 1439 bene
749 1399 898 1454 cogitat
918 1398 990 1439 uti.

143 1456 228 1504 Qui
249 1456 370 1511 cupit,
387 1465 456 1496 aut
475 1455 631 1503 metuit,
647 1456 764 1509 juvat
784 1455 897 1494 illurn
917 1455 975 1495 sic
994 1453 1134 1494 domus
1154 1459 1195 1494 et
1213 1466 1289 1502 res,
1312 1454 1365 1492 50

146 1512 208 1554 Ut
227 1512 380 1566 lippum
401 1511 517 1566 pictae
538 1511 695 1559 tabulae,
716 1511 894 1551 fomenta
913 1509 1148 1565 podagrum,

143 1568 356 1609 Auriculas
376 1568 535 1609 citharae
556 1567 723 1609 collecta
742 1566 857 1607 sorde
877 1566 1070 1606 dolentes.

147 1625 358 1664 Sincerum
380 1632 441 1664 est
459 1624 536 1664 nisi
557 1637 636 1671 vas,
660 1622 929 1677 quodcunque
951 1621 1139 1671 infundis,
1161 1620 1319 1662 acescit.
1341 1650 1344 1653 -

147 1681 303 1735 Sperne
325 1680 571 1735 voluptates:
601 1686 721 1719 nocet
741 1686 876 1733 empta
895 1678 1030 1719 dolore
1050 1678 1245 1733 voluptas.

147 1737 317 1791 Semper
336 1750 476 1776 avarus
497 1742 616 1790 eget:
648 1742 799 1775 certum
822 1741 914 1775 voto
934 1742 1026 1799 pete
1046 1733 1182 1774 finem.
1314 1734 1366 1772 55

146 1792 312 1833 Invidus
331 1792 494 1832 alterius
515 1791 723 1832 macrescit
742 1790 861 1831 rebus
882 1790 1047 1845 opimis:

146 1848 303 1889 Invidia
327 1848 451 1889 Siculi
473 1862 551 1888 non
573 1847 764 1887 invenere
784 1847 944 1902 tyranni

146 1904 235 1959 Maj
243 1919 287 1945 us
308 1911 563 1945 tormentum.
623 1903 708 1950 Qui
727 1917 806 1943 non
829 1901 1128 1944 moderabitur·
1117 1916 1200 1951 irae,

149 1961 350 2002 Infectum
371 1960 478 2001 volet
499 1974 598 2008 esse,
621 1959 733 1999 dolor
753 1959 859 2013 quod
880 1959 1049 2000 suaserit
1069 1965 1110 1999 et
1129 1971 1256 2006 mens,

148 2017 261 2057 Dum
283 2029 422 2071 poenas
441 2015 532 2056 odio
552 2030 624 2070 per
645 2015 725 2055 vim
746 2015 910 2056 festinat
929 2015 1069 2056 inulto.
1315 2014 1367 2052 60

148 2072 215 2113 Ira
233 2073 341 2115 furor
363 2072 492 2113 brevis
513 2079 597 2112 est:
628 2072 806 2112 animum
828 2086 948 2127 rege3
979 2071 1062 2126 qui,
1084 2069 1160 2111 nisi
1181 2075 1307 2124 paret,

147 2128 346 2183 Imperat.
383 2127 490 2169 hunc
510 2127 644 2176 frenis,
668 2127 773 2167 hunc
794 2136 837 2168 tu
858 2141 1065 2192 compesce
1085 2125 1239 2167 catena.

150 2184 291 2239 Fingit
311 2199 458 2256 equum
480 2184 619 2225 tenera
640 2184 809 2224 docilem
831 2183 985 2224 cervice
1005 2182 1197 2237 magister

151 2240 217 2281 Ire
238 2241 354 2289 viam,
379 2243 461 2294 qua
481 2248 674 2281 monstret
694 2254 830 2294 eques.
891 2239 1123 2288 venaticus,
1146 2251 1198 2279 ex
1219 2251 1299 2292 quo

150 2296 354 2351 Tempore
376 2296 575 2337 cervinam
596 2296 743 2351 pellem
767 2295 953 2338 latravit
942 2310 984 2335 m
1003 2294 1108 2344 aula,
1316 2294 1370 2332 65
