1390 2586
162 96 246 138 242
301 95 305 98 ’
592 95 957 126 INTERPRETATIO.
1258 90 1390 138 [zm.

165 195 260 225 Tacit.
287 195 368 224 Ann.
396 194 443 230 14,
467 195 516 227 35.
542 198 750 224 contrectatam
765 195 899 231 filiarum
919 195 1094 232 pudicitiam
1122 196 1233 225 ulcisci.
1247 209 1290 218 --
1303 194 1379 235 [m

165 235 298 276 desc-ere]
337 237 397 266 Cfr.
414 239 477 266 Sat.
503 237 530 272 1,
552 237 582 271 4,
605 236 654 271 72.
685 236 715 265 h.
737 237 756 265 1.
779 237 1005 276 μεταφορικῶς,
1029 237 1207 276 ‘paullatim
1229 238 1353 277 negligi
1361 248 1382 274 η

166 279 343 309 cultioribus
366 279 535 314 lectoribus,
555 279 641 314 adeo,
667 284 700 307 ut
718 279 782 316 jam
808 288 897 307 nemo
921 285 949 308 te
972 280 1110 317 inspiciat
1125 285 1233 318 praeter
1247 276 1383 313 homini

164 323 206 352 =de
221 323 321 359 vulgo,
339 327 369 350 et
383 322 419 350 111
429 331 550 359 quoque
564 330 683 359 semper
703 321 800 350 rarius
821 327 851 350 te
874 322 1032 352 evolvant)
1047 338 1089 344 —
1105 320 1381 378 [tineas—{neruo}

166 367 175 381 ‘
185 375 253 403 quae
268 374 361 402 prope
376 364 544 392 immobiles
559 364 640 392 lente
655 364 772 392 chartas
786 369 816 392 et
831 369 926 392 vestes
941 365 1121 394 corrodunt!

212 407 259 436 13.
285 404 365 445 [Aut
375 403 496 445 fugies]
526 406 645 434 Horatii
666 411 798 443 tempore
813 406 901 434 multi
915 406 1006 435 libri
999 415 1030 435 111
1044 407 1112 436 illas
1125 405 1302 445 provincias,
1316 413 1383 445 qn·

162 450 227 487 Jam
246 449 269 477 Ι
272 448 354 477 atino
369 458 506 477 sermone
522 449 693 482 utebantur,
707 453 770 476 tum
792 448 914 476 demum
929 449 1154 486 perveniebant,
1168 459 1262 487 quum
1279 446 1382 498 Romq

162 493 227 529 jam
243 491 444 520 obsoluerant.
482 490 543 519 Cfr.
559 491 595 519 A.
613 490 645 519 P.
662 490 731 520 345.
760 490 887 529 ‘Fugies
902 491 1003 520 ultro'
995 499 1026 519 111
1044 491 1175 520 Africam
1189 491 1382 530 provinciana

168 543 260 562 novos
283 539 317 562 ut
340 533 380 561 ibi
395 538 543 562 amatores
561 538 670 570 captes,
686 533 723 560 ab
745 532 792 567 iis,
807 542 881 569 quos
897 532 927 562 in
943 534 1017 562 urbe
1032 542 1196 572 repereras,
1211 533 1323 563 destitu

167 581 220 605 aut
235 575 325 604 etiam
340 577 453 605 vinctus
477 574 624 609 mitteris,’
647 575 684 603 de
707 574 793 609 libro,
814 574 823 590 ‘
833 574 914 610 loris,
930 582 964 604 111
978 575 1045 604 aliae
1060 585 1183 612 merces,
1197 538 1381 614 001113111οὪ

168 618 205 647 (10
228 627 331 656 puero.
355 617 565 654 ‘relegabere,'
591 623 623 645 ut
639 617 740 646 aediles
763 617 915 646 interdum
939 618 1090 647 adulteras
1112 618 1143 647 in
1165 618 1291 647 exilium
1314 626 1383 656 agn·

167 661 249 689 bant.
265 675 306 681 —-
322 658 484 698 [Ilerdam]
526 659 680 697 Hispaniae
717 661 834 695 urbem,
871 659 960 689 hodie
993 660 1117 690 Lei-ida.
1159 662 1168 676 ‘
1181 661 1245 689 Aut
1281 661 1383 691 Rotn-

168 702 318 731 oblivione
340 702 485 737 obrueris,
503 707 564 736 aut,
581 706 613 730 ut
629 701 684 730 fit
676 710 707 730 m
724 701 808 730 libris
830 702 935 731 Romae
950 704 1016 741 jam
1037 702 1190 741 neglectis,
1204 711 1222 732 a
1235 702 1383 742 provinc&

167 745 264 774 alibus
279 744 454 773 subrusticis
468 743 684 782 aliquantisper
698 743 826 781 legeris?

213 787 344 816 14-18.
369 784 523 826 [Ridebit]
557 787 663 815 ‘Tunc
684 786 816 823 maligne
838 786 953 822 ridebo,
974 792 1134 825 propterea
1158 787 1239 824 quod
1263 786 1383 821 monitu

169 829 244 858 meis
259 839 318 857 non
334 828 607 867 obtemperaveris)
621 844 663 849 —
679 826 858 867 [protrusit]
882 828 1065 867 Exemplum
1088 828 1216 867 petitum
1233 838 1269 858 ex
1284 829 1323 858 ali
1325 828 1384 868 qffl

167 871 279 900 sabella
295 872 420 909 AEsopia
442 872 487 900 vel
509 871 570 899 alia
593 871 818 900 narratiuncula
840 871 1043 908 1101101511.-
1060 869 1143 911 [Hoc
1164 869 1291 911 quoque]
1315 872 1346 902 Si
1364 872 1375 909 j

170 913 323 951 imagine:
359 915 444 942 ‘Hoc
472 923 592 951 quoque
621 913 734 942 malum
760 913 814 942 tibi
842 913 1006 950 impendet,
1033 920 1068 942 ut
1095 914 1134 942 ad
1159 919 1330 943 extremum
1383 913 1385 915 ’

169 955 288 985 miseris
311 956 390 985 ludis
411 955 564 985 litterariis
587 965 625 984 ex
649 961 688 990 te,
711 957 748 984 ab
770 955 943 984 hominibus
964 955 1335 995 elegantioribusjamdud
1359 988 1381 993 Vr

170 998 310 1036 seposito,
338 998 424 1036 pueri
449 999 597 1027 elementa
625 997 765 1026 discant)
811 997 877 1026 Hoc
905 1007 959 1036 per
984 998 1125 1035 dilogiam
1155 998 1198 1027 ita
1226 1007 1340 1037 propon

169 1041 238 1070 ‘Tu
261 1040 335 1078 ipse,
351 1041 476 1078 puerule
496 1040 636 1077 delicate,
657 1041 820 1078 obrepente
845 1039 898 1068 tibi
921 1040 1031 1069 sensim
1052 1046 1206 1070 senectute
1229 1049 1332 1071 rursu·
1361 1039 1366 1043 ’
1388 1068 1390 1070 .

170 1082 299 1112 infantia
314 1083 508 1118 balbutiente,
523 1082 576 1111 fies
592 1082 723 1119 denique
746 1082 946 1120 pauperculus
969 1083 1032 1111 ludi
1056 1083 1208 1120 magister,
1230 1084 1335 1120 quales
1388 1097 1390 1100 ¹

171 1125 315 1154 extremis
330 1126 412 1154 urbis
427 1125 509 1158 vicis,
527 1124 627 1153 minus
642 1124 839 1161 frequentatis
854 1130 883 1153 et
898 1124 949 1154 ubi
965 1125 1052 1162 egeni
1068 1126 1226 1154 dumtaxat
1239 1123 1390 1202 habita}

170 1177 280 1205 pueros
302 1167 451 1196 elementa
471 1167 588 1202 docent,
605 1172 638 1195 ut
653 1166 723 1195 olim
739 1166 825 1202 1111111,
845 1166 922 1196 Livii
941 1167 1105 1196 Andronici
1121 1167 1239 1206 seriptis
1255 1177 1336 1203 usus,

170 1209 295 1238 tradidit
317 1210 470 1238 Orbilius.’
485 1225 526 1230 —-
542 1207 703 1248 [Occupet]
732 1208 896 1247 ‘obrepat,’
921 1214 955 1238 ut
975 1209 1086 1239 Tibull.
1112 1209 1139 1245 l,
1163 1209 1211 1246 1⁰,
1233 1210 1284 1246 40,
1306 1206 1390 1250 qne*

173 1252 304 1290 Occupat
318 1254 348 1280 iu
358 1253 454 1290 parva
466 1253 555 1290 pigra
565 1255 683 1281 senecta
697 1253 775 1280 casti.

216 1294 264 1324 19.
289 1292 403 1333 [Quum
426 1295 480 1323 tibi
501 1292 559 1332 sol]
586 1294 644 1322 Hic
660 1303 719 1322 non
738 1294 813 1331 jam,
829 1298 862 1322 ut
882 1293 1018 1332 plerique
1038 1298 1156 1332 putant,
1176 1295 1214 1324 de
1238 1294 1390 1332 501101ἓ,»ι

172 1337 232 1374 qua
247 1337 427 1374 cogitatione
450 1337 515 1374 ejus
538 1336 656 1365 animus
678 1337 867 1371 abhorrebat,
891 1337 1020 1365 scribere
1043 1336 1153 1374 pergit,
1167 1337 1220 1366 sed
1241 1337 1277 1366 de
1300 1337 1390 1375 longe

171 1378 262 1408 etiam
279 1380 391 1417 majore
406 1379 561 1414 lectorum,
578 1388 652 1416 quos
666 1387 698 1407 se
713 1378 906 1407 inventurum
923 1388 987 1408 esse
1001 1380 1150 1416 sperabat,
1165 1388 1300 1408 numero.
1346 1378 1386 1413 Hi

172 1431 266 1459 quum
286 1421 396 1459 partim
417 1431 434 1450 a
457 1421 553 1459 primo
573 1420 634 1449 fere
658 1429 745 1448 mane
768 1421 940 1449 salutationi
963 1421 1138 1458 amicorum,
1163 1421 1387 1459 ΐοτο,3111110111,

172 1463 270 1493 omnis
293 1463 412 1501 generis
436 1463 564 1500 negotiis
579 1464 634 1496 vel,
650 1462 674 1491 si
690 1464 811 1492 studiosi
826 1469 912 1492 erant
928 1461 1021 1501 (Plin.
1038 1463 1117 1501 Epp.
1131 1463 1160 1498 4,
1179 1463 1226 1493 13.
1246 1463 1310 1502 ll),
1326 1463 1384 1494 dtu»

171 1505 290 1544 ciplinis
319 1506 517 1534 severioribus
545 1515 578 1534 ac
606 1505 805 1543 philosophiae
834 1510 988 1534 vacassent
1015 1515 1110 1543 usque
1137 1506 1176 1534 ad
1205 1505 1265 1534 diei
1294 1505 1384 1536 civilis

171 1548 277 1577 horam
301 1547 362 1576 fere
387 1548 556 1586 septimam,
579 1547 799 1583 meridiatione,
825 1547 943 1585 balneo,
966 1548 1098 1585 corporis
1125 1547 1383 1579 exercitationibus*

170 1599 236 1619 sese
257 1590 446 1628 aliquantum
469 1591 653 1623 recreabant,
670 1589 780 1618 deinde
795 1595 864 1618 ante
879 1599 1005 1624 coenam,
1021 1599 1114 1627 quum
1129 1589 1240 1619 aestatis
1256 1595 1390 1628 tempore·

171 1633 215 1662 sol
233 1634 298 1670 jam
324 1634 439 1670 lepidas
461 1637 548 1666 esset,
573 1631 651 1660 circa
677 1631 781 1660 horam
811 1638 945 1660 octavam
969 1632 1015 1660 vel
1042 1641 1152 1660 nonam
1179 1632 1273 1661 animi
1300 1634 1380 1663 cauas

170 1675 367 1713 perlegebam
382 1674 515 1703 carmina
530 1683 626 1712 nuper
641 1673 672 1702 in
688 1674 784 1702 lucem
801 1674 918 1709 emissa,
933 1683 1072 1712 saepeque
1092 1679 1158 1712 post
1180 1683 1296 1704 coenam
1316 1675 1380 1704 hori

170 1717 288 1746 decima
310 1717 437 1745 eandem
461 1716 620 1745 lectionem
643 1718 845 1745 resumebant.
891 1717 954 1745 Hos
978 1716 1069 1754 igitur
1092 1717 1252 1746 benevolos
1266 1717 1380 1747 10010101

170 1768 225 1798 per
247 1760 351 1788 domos
375 1769 442 1787 suas
463 1758 612 1796 dispersos
627 1759 708 1787 velut
728 1768 823 1787 unum
846 1758 876 1787 in
898 1759 997 1788 locum
1020 1764 1216 1796 congregatos
1232 1759 1288 1788 sibi
1303 1768 1379 1790 aun.

169 1802 305 1840 praebere
321 1801 416 1836 fingit,
430 1801 541 1829 librum
555 1800 744 1829 recitatorem
759 1801 880 1830 faciens.

213 1843 346 1872 20—23.
371 1841 437 1882 [Me
460 1841 612 1882 libertino]
638 1842 754 1872 imitari
777 1843 895 1872 videtur
918 1843 1140 1880 grammaticos,
1154 1842 1206 1881 qui
1221 1843 1386 1872 scholarum:

171 1895 295 1915 suarum
318 1895 335 1914 a
358 1891 515 1923 poetarum
539 1885 608 1914 vitis
633 1885 810 1914 enarrandis
833 1885 954 1914 initium
979 1887 1147 1914 sumebant.
1191 1885 1288 1914 ‘Tum
1311 1886 1378 1916 clar·

171 1928 272 1962 dicito,
289 1937 336 1956 me
351 1937 383 1956 re
398 1929 469 1956 νει-ὗ,
490 1933 574 1966 patre
597 1927 737 1956 libertino
759 1933 864 1956 natum
887 1928 970 1957 05503
1017 1928 1098 1965 Lege
1114 1928 1174 1956 Sat.
1192 1927 1220 1963 l,
1236 1927 1266 1963 6,
1284 1927 1332 1958 46.
1346 1942 1376 1950 «-

174 1968 323 2010 [Majores
334 1967 460 2008 pennas]
484 1971 491 1985 ⁸
505 1970 594 1999 Dices
609 1979 656 1998 me
671 1971 785 2008 majora
799 1970 923 1999 omnino
937 1979 1043 1999 ausum
1058 1975 1148 2007 atque
1160 1970 1251 1999 etiam
1265 1969 1375 1999 felicite

171 2013 315 2051 adeptum
339 2021 413 2046 esse,
435 2022 526 2050 quam
549 2012 712 2041 concedere
735 2013 799 2041 visa
821 2012 859 2041 sit
884 2012 983 2041 tenuis
1005 2021 1072 2041 mea
1093 2011 1197 2050 origo.'
1241 2012 1375 2042 (301151111Ἰ

172 2060 273 2084 autem
284 2065 398 2093 pennas
411 2053 538 2091 majores
557 2055 626 2083 nido
650 2053 756 2092 (quam
780 2054 868 2083 nidus
891 2054 969 2091 erat)
984 2055 1156 2088 extendine,
1171 2053 1335 2092 explicasse
1349 2063 1375 2083 a·

171 2098 314 2126 volatum.
330 2112 371 2117 —
387 2094 454 2135 [Me
470 2094 593 2135 primis]
624 2096 685 2125 Cfr.
703 2097 762 2125 Sat.
779 2097 809 2130 2,
827 2097 853 2131 1,
868 2096 917 2131 75.
953 2097 1030 2135 Epp.
1049 2096 1074 2131 l,
1090 2096 1120 2132 7,
1135 2096 1186 2132 35,
1202 2097 1373 2134 Principibu

166 2140 316 2178 placuisse
330 2140 401 2168 viris
415 2150 470 2168 non
483 2140 587 2169 ultima
602 2139 667 2168 laus
681 2142 734 2168 est.
780 2139 854 2168 Haec
877 2143 978 2168 autem
998 2139 1130 2168 scribens
1150 2138 1322 2168 recordatus
1343 2148 1373 2168 es

171 2186 202 2210 et
219 2181 304 2210 Bruti
318 2181 483 2219 Cassiique‚
497 2187 528 2210 et
543 2181 698 2210 Octaviani
713 2186 804 2218 atque
820 2181 1005 2210 Maecenatis.

214 2224 264 2259 24,
280 2225 329 2253 25.
353 2221 482 2262 [exigui]
509 2225 570 2252 Sat.
585 2224 614 2258 2,
629 2223 658 2259 3,
674 2223 746 2259 308,
770 2224 868 2262 longos
890 2225 1018 2252 imitaris
1039 2223 1078 2252 ab
1098 2223 1156 2253 imo
1177 2223 1229 2252 Ad
1249 2232 1372 2253 summm

173 2269 250 2296 totus
271 2267 382 2296 moduli
407 2267 575 2305 bipedalis,-
606 2271 636 2295 et
662 2267 816 2304 Augustus
839 2266 871 2295 111
898 2265 1036 2304 Epistola
1059 2265 1099 2295 ad
1123 2264 1283 2295 Horatium
1307 2274 1366 2305 apu
