1390 2586
140 97 224 140 262
570 101 938 132 INTERPRETATIO.

142 199 194 229 but
222 199 438 237 complimentae
461 199 551 238 plane
577 204 611 229 ut
630 199 711 238 apud
735 201 844 230 Catull.
867 200 916 237 13,
941 201 975 238 9,
1004 205 1107 231 contra
1128 202 1255 241 accipitre
1276 220 1277 224 =

139 251 251 272 amores
267 241 403 280 (nothing
419 243 469 270 but
485 241 570 280 love).
585 258 627 263 —
638 240 790 281 [argutos]
814 245 823 258 ‘
834 243 979 274 canoros!

165 283 233 315 -91,
251 285 301 314 92.
327 281 457 323 [Musis]
484 285 539 312 ‘ab
563 285 703 314 omnibus
731 285 827 314 Musis
850 286 979 323 ideoque
1005 285 1198 316 absolutum!
1234 282 1311 324 (GR.

141 335 170 356 v.
191 326 260 361 100,
290 325 444 366 τορευτὸν
468 325 649 366 ἔπος.)-[
654 324 758 366 fasta]
794 329 802 343 ‘
821 328 887 364 Ego
913 328 1026 365 lyricus
1053 335 1084 357 et
1110 329 1187 358 alter
1215 328 1301 367 elego
1348 362 1350 364 ,
1371 362 1378 367 ,

140 369 268 406 scriptor
291 369 387 396 multo
409 378 476 396 cum
502 369 579 397 fastu
601 374 631 398 et
655 369 768 398 eximia
789 370 948 406 gravitate,
971 379 1040 408 quae
1061 371 1147 400 vultu
1170 377 1318 409 gestuque
1327 386 1335 390 π
1371 395 1374 399 ,

141 411 253 449 prodit,
281 411 448 439 incedimus
474 420 528 448 per
549 412 680 448 plateam
705 418 775 440 ante
803 413 951 450 templum
982 412 1131 450 Apollinis
1158 413 1298 448 Palatini,
1374 418 1377 443 j

142 454 284 490 contigua
306 458 352 481 est
376 453 555 481 bibliotheca
574 453 703 491 publica,
727 454 916 483 asservandis
935 454 1056 493 optimis
1070 455 1240 493 quibusque
1253 369 1378 496 seri}

145 495 262 524 Latinis
287 495 445 524 destinata.
502 496 537 523 In
567 495 646 526 hanc
674 495 768 534 igitur
795 505 848 526 nos
876 498 965 526 ambo
993 497 1118 535 cupidos
1145 498 1248 526 oculos
1277 495 1376 538 ωιῇξε

142 538 248 573 cimus,
273 544 428 575 sperantes
452 547 522 566 mox
549 537 623 574 fore,
652 543 686 568 ut
707 543 810 568 nostra
837 548 959 578 quoque
987 539 1121 569 carmina
1146 540 1179 569 in
1203 549 1270 569 eam
1294 533 1375 571 weil

164 579 286 609 iantur.'
1359 579 1372 610 ἐ.

142 589 163 619 P
185 621 321 656 94—97.
362 619 500 661 [procul]
539 623 600 651 ‘ex
631 623 764 660 quadam
793 623 950 656 distantia,
978 624 1060 653 unde
1089 624 1235 653 exaudire
1265 633 1302 653 eo
1372 647 1373 652 ,

143 665 428 694 sermocinationem
444 663 560 702 possis!
603 665 664 694 Cfr.
681 666 720 694 ad
737 666 798 694 Sat.
815 666 845 700 2,
859 666 889 701 6,
905 666 972 695 105.
983 682 1026 688 ——
1037 663 1243 706 [Quidseral]
1268 667 1276 682 ⁶
1287 666 1317 698 Q
1338 666 1346 674 '

143 707 297 744 proferat;
322 707 432 744 quibus
450 707 548 735 verbis
570 712 600 735 et
616 716 676 745 quo
691 708 751 736 fine
772 708 849 736 alter
863 708 988 737 alterius
1003 708 1188 746 praeconium
1203 708 1313 738 faciat!
1365 743 1369 746 ,

147 746 332 788 [Caedimur]
357 749 365 763 ‘
379 749 464 778 Adeo
479 755 629 778 certamus
651 750 683 778 in
704 750 817 778 mutuis
841 750 981 779 laudibus
1003 750 1202 789 proferendis,
1226 755 1260 780 ut
1273 754 1319 780 tot
1341 751 1353 755 '⁷

145 798 298 820 certamen
315 792 413 820 simile
435 792 473 820 sit
493 792 695 828 gladiatorum
711 785 822 830 p'ugnae
845 793 876 821 in
894 793 996 822 divitis
1010 793 1138 831 alicujus
1153 793 1260 831 epulis.
1306 790 1375 833 Εῄ

145 839 178 863 et
204 843 300 862 novus
324 834 375 862 ille
402 834 605 863 Callimachus
630 844 734 863 sumus
757 835 840 863 velut
864 830 1045 864 Samnitium
1069 845 1123 873 par
1147 833 1230 872 (biv.
1252 834 1284 869 9,
1299 831 1375 874 Μή

145 877 252 905 laudes
276 876 389 904 similes
415 882 486 905 sunt
509 876 622 905 crebris
644 876 703 905 illis
726 877 832 914 plagis,
854 887 929 914 quos
950 882 1078 916 uterque
1098 877 1216 915 accipit,
1243 880 1375 916 uterqss·

146 919 257 953 reddit,
280 923 372 956 atque
396 918 438 947 ita
461 919 601 955 alterum,
623 919 709 956 quasi
729 919 936 948 adversarium
958 921 991 948 in
1011 921 1114 958 pugna
1130 919 1247 949 ludicra
1271 925 1373 957 σοΜηξ

146 963 210 997 mit,
240 961 271 989 id
301 966 355 994 est,
385 960 552 998 defatigat)
577 977 619 982 -
643 958 700 1000 [ad
724 962 835 991 lumina
854 959 970 1001 prima]
1005 961 1104 991 Graeci
1135 960 1207 1002 περὶ
1235 959 1373 1001 >nixum

146 1000 242 1043 ἁφάς.
266 1005 377 1041 ‘usque
393 1003 431 1031 ad
448 1004 559 1041 primas
575 1003 652 1032 faces
668 1009 841 1039 nocturnas,
864 1005 974 1042 quibus
989 1004 1122 1033 accensis
1137 1004 1243 1033 finitur
1257 1002 1373 1042 gladi&

147 1046 259 1075 torium
275 1045 351 1074 illud
366 1045 538 1074 ludicrum?

189 1087 347 1118 98—100.
374 1085 520 1127 [puncto]
548 1088 610 1116 Cic.
625 1097 680 1125 pro
696 1089 796 1117 Plane.
813 1089 863 1124 22,
886 1089 1039 1118 nonnullas
1054 1089 1148 1118 tribus
1160 1090 1278 1127 punctis
1289 1099 1310 1126 p

151 1132 271 1159 lotidem
289 1131 428 1159 tulerunt.
455 1129 493 1159 A.
512 1130 547 1158 P.
565 1130 636 1159 343.
647 1145 690 1151 —
708 1129 952 1169 [Callimachum]
976 1131 1073 1159 Notus
1088 1137 1177 1168 poeta
1193 1088 1374 1206 Cyrenzeffl

148 1181 175 1201 a.
192 1179 262 1201 ante
280 1172 351 1201 Chr.
368 1172 440 1201 280.
489 1172 602 1209 Magna
619 1174 683 1210 jam
703 1173 768 1202 haec
791 1179 856 1202 erat
881 1173 965 1202 laus:
991 1173 1171 1210 crinagoms
1194 1173 1228 1201 in
1247 1173 1330 1202 Anth

148 1215 243 1243 Palat.
263 1213 295 1243 ii.
319 1225 348 1252 p.
374 1213 442 1248 193,
466 1212 687 1254 Καλλιμάχου
713 1213 750 1244 τὸ
776 1214 932 1250 τορευτὸν
958 1213 1038 1250 ἔπος
1063 1211 1145 1244 τόδε·
1171 1212 1212 1252 δὴ
1235 1213 1298 1254 γὰρ
1322 1208 1373 1246 ku?

147 1254 241 1296 αὐτῷ
258 1254 359 1296 Ὠνήρ
377 1255 454 1292 τοὺς
474 1254 632 1286 Μουσέων
652 1254 783 1292 πάντας
803 1256 903 1287 ἔσεισε
925 1255 1039 1292 κάλως.
1073 1257 1196 1289 Quinct.
1216 1253 1373 1295 10³&ae

147 1300 250 1338 elegioe
278 1301 415 1337 princeps
442 1301 566 1328 [labetur
597 1299 800 1329 Callimachus.
859 1300 1004 1329 Attamen
1033 1309 1103 1329 vere
1133 1300 1221 1328 ovid.
1252 1300 1320 1328 Am.
1344 1298 1372 1341 ¹5

151 1341 200 1377 15,
224 1341 280 1370 13:
315 1343 474 1370 Battiades
499 1351 611 1379 semper
636 1345 695 1371 toto
718 1343 888 1371 cantabitur
913 1343 998 1376 orbem·
1022 1343 1159 1374 Quamvis
1181 1343 1297 1381 ingenio
1317 1347 1374 1373 nou

147 1384 238 1418 valet,
262 1389 326 1413 arte
341 1385 426 1413 valet.
474 1384 565 1412 Haud
581 1393 702 1422 prorsus
720 1385 829 1413 inscita
844 1384 901 1414 fuit
917 1384 1070 1414 Torrentii
1086 1385 1258 1423 conjectura
1275 1383 1373 1413 Hora-

149 1426 226 1454 tium
244 1431 322 1455 tecte
337 1426 386 1455 hic
403 1428 539 1464 jocatum
556 1435 620 1455 esse
636 1427 666 1455 in
685 1427 886 1464 Propertium,
907 1427 958 1464 qui
983 1427 1020 1456 de
1035 1434 1131 1455 semet
1146 1428 1211 1465 ipso
1225 1427 1254 1461 4,
1277 1426 1306 1464 l,
1321 1424 1373 1466 tuf,

155 1469 287 1503 Umbria,
301 1469 411 1506 inquit,
427 1469 552 1497 Romani
562 1470 666 1507 patria
685 1470 867 1498 Callimachi.
878 1485 915 1490 --
928 1466 1152 1508 [Mimnermus]
1170 1468 1375 1506 Colophonius

149 1520 176 1540 a.
193 1517 265 1539 ante
282 1511 352 1540 Chr.
369 1511 440 1540 594.
487 1511 515 1539 ls
539 1512 704 1540 multorum
719 1512 837 1549 judicio
854 1512 978 1549 ingenio
999 1517 1030 1540 et
1053 1512 1158 1540 nativa.
1182 1510 1375 1549 simplicitate

149 1554 313 1591 superabat
334 1553 555 1582 Callimachum
579 1553 669 1582 nimis
694 1554 873 1591 plerumque
895 1554 952 1583 arti
975 1554 1195 1591 indulgentem.
1241 1553 1376 1591 Propert-

153 1595 180 1631 l,
195 1596 224 1630 9,
244 1595 292 1629 ll,
313 1596 385 1624 Plus
410 1597 440 1624 in
464 1605 559 1625 amore
578 1597 655 1625 valet
674 1596 842 1625 Mimnermi
860 1606 960 1625 versus
979 1595 1114 1626 Homero.
1131 1611 1174 1616 —
1187 1591 1374 1635 [adposcent]

152 1640 160 1654 ‘
177 1638 208 1667 Si
235 1638 292 1666 hoc
321 1638 365 1666 illi
393 1647 498 1675 parum
525 1637 616 1666 fuerit
642 1643 672 1666 et
698 1639 766 1676 plus
788 1648 806 1667 a
828 1648 875 1667 me
898 1638 1036 1676 exegerit
1056 1637 1176 1667 laudis!
1214 1638 1378 1676 Perpau-⁵

152 1677 281 1719 [canino]
307 1682 314 1695 ‘
330 1681 453 1708 nomine
479 1689 515 1708 ex
542 1680 637 1709 libera
661 1681 783 1718 optione
807 1686 963 1719 assumpto
973 1681 991 1709 :’
1015 1681 1240 1718 ‘quodcunque
1265 1686 1376 1709 nomen

151 1723 179 1751 ei
195 1723 304 1760 placet,
319 1723 377 1751 hoc.
393 1723 419 1750 ei
437 1723 509 1750 dare
524 1722 624 1751 soleo.’
637 1738 679 1743 -
691 1720 828 1762 [crescit]
856 1725 862 1738 ‘
878 1724 974 1761 major
988 1723 1080 1752 etiam
1096 1728 1186 1761 poeta
1199 1721 1322 1751 evadit-¹

195 1765 368 1794 101—104.
395 1761 511 1803 [Malta
525 1762 611 1803 sero]
636 1765 770 1794 ‘Multas
785 1765 938 1794 molestias
960 1765 1112 1803 patienter
1126 1765 1271 1799 sustineo,
1294 1765 1376 1798 dun,

151 1812 187 1836 ut
200 1807 416 1836 inurbanitatis
439 1817 472 1836 ac
488 1808 638 1844 superbiae
653 1807 920 1846 reprehensionem
944 1807 1088 1845 effugiam
1103 1816 1203 1845 neque
1218 1806 1382 1836 iracunda

151 1855 256 1888 poetas
272 1850 435 1884 offendam,
457 1849 541 1878 vanis
555 1858 660 1878 eorum
677 1850 866 1879 sermonibus
880 1858 985 1879 aurern
999 1851 1129 1888 praebeo,
1146 1849 1256 1878 fastum
1273 1848 1376 1884 tolero,

151 1891 380 1921 recitationibus
392 1892 518 1920 adsum:
542 1901 610 1929 quae
631 1892 712 1921 mala
733 1892 810 1921 ferre
833 1901 955 1921 necesse
977 1893 1044 1927 erit,
1068 1891 1216 1929 quamdiu
1233 1891 1299 1929 ipse
1313 1898 1376 1920 cat·

153 1934 237 1963 mina
258 1943 438 1972 componere
457 1943 581 1971 pergam
603 1944 636 1963 ac
658 1940 818 1972 propterea
838 1935 942 1973 populi
962 1934 1142 1973 applausum
1159 1933 1263 1971 magni
1282 1932 1377 1962 secu*

153 1977 290 2006 debebo)
302 1992 344 1997 —
361 1973 514 2015 [supple-r]
540 1973 610 2005 κατ’
627 1974 802 2015 εἰρωνείαν.
817 1992 860 1997 -—
876 1975 974 2016 [Idem
988 1974 1102 2015 finitis]
1126 1977 1136 1992 ‘
1152 1977 1264 2005 Verum
1285 1983 1376 2013 quum

153 2019 262 2048 finiero
288 2019 382 2047 semel
401 2019 502 2047 studia
518 2019 637 2056 poetica
659 2025 688 2048 et
710 2020 748 2048 ad
765 2028 869 2047 sanam
889 2025 1023 2048 mentem
1039 2019 1168 2051 rediero.
1189 2017 1269 2052 facili
1289 2025 1375 2056 opert

155 2070 204 2090 me
231 2062 268 2089 ab
292 2061 340 2090 his
364 2060 508 2089 aerumnis
535 2059 911 2100 liberabo.’—-[Obeurem
938 2062 1058 2100 patulae
1081 2063 1196 2099 impune
1220 2059 1374 2099 legentibu-

154 2101 258 2141 aures]
292 2103 363 2141 Ipsa
377 2104 481 2132 versus
496 2112 610 2132 caesura
625 2105 712 2141 jubet
733 2113 786 2132 nos
800 2113 868 2132 cum
883 2103 1033 2138 Jacobsio,
1054 2103 1150 2132 Lectt.
1168 2103 1242 2132 Ven.
1265 2111 1295 2140 p.
1311 2101 1375 2131 206

149 2147 292 2184 jungere,
314 2147 431 2183 impune
447 2146 618 2184 legentibus.
663 2148 671 2162 ⁴
691 2146 722 2175 Si
738 2146 829 2175 nullis
848 2147 913 2184 jam
934 2145 1162 2175 recitationibus
1185 2145 1287 2179 adem,
1310 2143 1374 2172 malv

155 2187 200 2217 illi
226 2193 323 2225 poetae
353 2188 526 2216 recitabunt
550 2188 685 2217 carmina
708 2197 764 2217 sua
785 2197 907 2226 prorsus
932 2188 1029 2218 securi
1055 2197 1073 2217 a
1094 2187 1239 2226 periculo,
1265 2195 1303 2216 ne
1326 2195 1373 2224 eg*

155 2230 287 2260 vicissim
303 2239 353 2259 eos
368 2230 494 2268 puniam
510 2234 540 2259 et
555 2238 679 2260 enecem
693 2239 762 2260 mea
777 2231 888 2269 scripta
902 2230 1077 2260 recitando:

199 2271 270 2309 106,
302 2271 371 2307 107.
415 2270 572 2312 [Gaudent
607 2270 782 2312 scribentes]
836 2273 944 2303 Graecfi
980 2271 1214 2308 constructione,
1246 2268 1371 2309 ἥδοντα
