1390 2586
16 98 25 117 ,-
40 94 109 126 ω,
121 83 209 129 ¹·‘1·]
474 84 847 118 mranrasmzmo.
1208 83 1286 128 187

74 189 219 226 'lv-3⁶.
239 183 388 228 [amator]
413 186 552 218 Donatus
571 187 612 217 ad
631 187 702 218 Ter.
720 187 801 218 And.
819 187 848 223 4,
864 186 894 224 3,
910 186 940 221 3,
955 190 1071 217 amator
1085 187 1218 225 corporis
1231 191 1288 221 est.

16 251 26 257 μ
39 234 153 270 αὔρη
165 232 266 264 animi.
278 246 321 253 —-
333 227 519 271 [mitescere]
537 230 648 261 Accius
665 231 757 261 Both.
778 231 811 261 P.
834 231 882 261 Sc.
896 241 928 269 p.
946 231 1018 265 249,
1039 230 1162 261 Nullum
1178 234 1222 260 est
1238 232 1286 260 ἰη-

38 278 279 318 ammam
289 283 382 314 neque
393 284 442 304 cor
452 272 656 314 tmnferum,
673 275 759 308 Quod
767 285 823 304 non
835 275 972 304 labascat
982 275 1098 314 lingua,
1113 274 1267 304 mitesce
1276 277 1289 303 t

39 314 386 359 „hv-[mmodet]
413 318 602 348 Commodare
624 327 668 357 pr.
683 317 836 347 ‘libenter
858 322 889 347 et
910 316 1006 355 gratis
1023 316 1183 356 praebere.'
1222 317 1286 347 Sat.

43 362 73 400 l,
87 361 117 400 l,
130 362 183 399 28,
194 359 437 402 facilem—votis
451 365 486 390 ut
504 362 639 399 praebeat
653 371 766 391 aurem.
785 377 828 382 —
844 358 980 400 [prima]
991 361 1090 399 junge
1107 360 1202 390 etiam
1216 370 1287 390 cum

39 415 71 442 v,
82 407 187 441 W
229 403 360 437 Quintil.
377 403 406 441 8,
423 404 453 439 3,
470 403 522 438 41,
538 404 642 435 Prima
662 406 759 435 virtus
780 408 826 435 est
844 405 917 434 vitio
939 414 1052 434 carere.
1098 405 1106 420 ‘
1119 403 1165 433 Ac
1179 413 1288 442 reapse

39 447 161 485 vinalia
181 452 214 478 et
235 447 395 486 sapientiae
416 447 620 486 primordium
644 447 721 476 illud
744 452 800 483 est,
825 452 860 477 ut
880 457 954 477 vera
975 447 1156 477 docentibus
1179 456 1287 477 aurem

17 506 20 507 ⁷
67 525 70 527 Α
95 485 99 488 ’
142 496 208 523 mes
236 490 311 520 vitia
339 490 494 529 fugiamus
516 491 792 530 praejudicatasque
824 490 985 530 opiniones
1015 489 1228 530 deponamus!
1245 506 1288 515 —-

48 531 203 574 micae]
219 531 390 573 ἀορίστως.

77 577 131 616 86,
154 576 206 613 37.
240 575 332 617 [Eue
357 574 455 616 mala]
484 576 559 606 Haec
586 576 826 616 Vides-palma
853 575 895 616 (v.
920 576 977 615 51)
1004 587 1041 607 eo
1064 577 1190 607 vinculo
1216 586 1287 607 cum

16 652 19 654 ,
136 621 188 651 dd.
209 621 396 660 junguntur,
421 620 504 659 quod
528 618 678 650 exhibent
701 621 880 659 exemplum
904 620 996 660 hujus
1023 620 1119 659 ipsius
1148 621 1288 651 stultitia

16 629 180 703 'mn‘
198 663 277 694 etin
293 664 423 703 pecunia
439 663 673 693 laboriosissime
696 664 866 702 quaerenda
887 669 918 693 et
940 664 971 694 in
995 664 1137 703 petendis
1161 663 1287 694 honori-

14 708 112 745 'fflss
133 707 273 739 stultitia
295 707 333 737 ea
353 707 515 737 dumtaxat
536 707 654 737 ratione
675 707 859 742 devitandae‚
875 713 910 737 ut
925 707 1084 746 sapientiae
1101 708 1288 742 documenta

14 749 166 788 *mter
186 750 321 790 amplexi
341 756 481 781 accurate
500 759 674 788 sequamur.
689 766 732 772 —-
749 748 881 790 [labore]
900 751 1042 780 ‘summa
1057 761 1126 780 cum
1145 750 1287 780 molestia

14 808 17 816 ⁴
34 798 69 831 §t
87 794 184 825 animi
205 799 236 824 et
257 793 424 833 corporis?
447 793 490 823 sic
511 793 595 824 enim
617 794 837 832 exponendum
854 804 881 824 v.
898 795 1018 834 capitis,
1033 799 1064 824 et
1083 794 1224 834 apposite
1246 794 1287 824 ad

13 849 17 861 ε
33 841 174 874 nostrum
188 846 371 867 sermonem.

77 879 215 912 38—41.
231 878 477 921 [extremos—ad
490 877 598 919 Indos]
616 880 824 920 hyperbolice,
840 881 848 896 ⁴
861 890 960 919 usque
976 881 1015 910 ad
1031 886 1127 910 terras
1143 879 1285 910 remotis·

34 922 152 955 simas.¹
186 925 196 942 ‘
206 923 327 954 Eodem
340 923 444 954 labore
458 922 630 962 iisdemque
645 924 790 963 periculis
804 933 860 962 per
874 929 970 953 totam
987 924 1082 954 vitam
1098 923 1286 962 defungeris,

34 967 147 1006 quibus
157 972 339 997 mercatores
355 966 450 997 nostri
465 976 530 996 sese
545 976 700 1006 exponere
715 967 834 998 solent)
849 982 893 990 -—
909 966 985 1007 [per
999 965 1100 1007 ignes]
1118 967 1127 983 ‘
1140 977 1196 1006 per
1216 977 1286 1006 gra-

33 1010 160 1041 vissima
177 1019 308 1049 queque
331 1009 488 1049 pericula-¹
532 1010 689 1040 Proverbii
712 1011 806 1041 habet
829 1011 972 1049 speciem,
994 1017 1029 1040 ut
1045 1012 1103 1040 Od.
1119 1010 1149 1046 4,
1167 1010 1216 1046 14,
1233 1010 1287 1041 24.

33 1052 99 1084 Sat.
116 1052 145 1089 l.
162 1053 190 1091 1,
200 1053 253 1084 38.
275 1054 305 1089 2,
321 1053 351 1090 3,
367 1053 418 1084 56.
433 1069 477 1074 -
493 1051 560 1093 [Ne
575 1052 678 1094 cures]
698 1055 706 1070 ‘
717 1054 802 1087 Quin
819 1053 851 1083 id
868 1053 951 1088 sacis,
963 1054 1046 1092 quod
1062 1054 1153 1092 longe
1165 1053 1286 1084 facilius

33 1101 83 1134 pst
95 1096 206 1127 talibus
221 1096 386 1133 laboribus,
401 1102 436 1126 ut
450 1106 530 1126 verae
545 1097 703 1136 sapientise
725 1096 886 1137 praeceptis
901 1107 1008 1127 aurem
1026 1099 1162 1136 praebeas
1176 1108 1183 1132 ς
1203 1097 1286 1136 quod

33 1138 87 1175 ubi
106 1139 226 1178 feceris,
243 1149 320 1179 opus
339 1149 407 1175 non,-
422 1139 549 1170 habebis
567 1149 673 1170 curare
696 1142 778 1171 bona
798 1140 926 1170 inania.¹
942 1156 985 1162 -
1002 1138 1143 1180 [mirari]
1161 1140 1285 1179 ‘magni

30 1181 152 1223 ficere)
169 1188 204 1213 ut
219 1183 298 1222 Epp.
316 1182 345 1220 l,
360 1182 391 1220 6,
405 1183 433 1219 1,
449 1183 508 1213 Nil
521 1184 678 1214 admirari.
693 1201 735 1208 —-
753 1181 900 1225 [meliori]
917 1185 965 1214 ‘te
985 1183 1186 1224 sapientiori!
1203 1184 1284 1224 Epp.

34 1224 66 1265 1,
75 1226 106 1264 2,
116 1225 168 1263 (38,
184 1231 213 1257 ta
226 1227 397 1257 melioribus
409 1226 492 1265 offer.

75 1268 212 1300 42—44.
237 1267 333 1309 [Quis
353 1267 480 1310 circum]
502 1269 600 1302 ‘Quis
618 1279 681 1300 non
703 1270 792 1300 malit
813 1270 880 1301 sine
903 1270 966 1300 ullo
989 1270 1157 1300 certamine
1174 1271 1284 1309 Olym-

31 1311 169 1354 flionices
190 1322 267 1349 esse,
292 1322 384 1351 quam
408 1312 441 1342 in
466 1313 548 1343 ludis
574 1313 775 1352 paganalibus
796 1320 829 1343 et
851 1313 1069 1352 Compitalitiis
1092 1314 1190 1343 multo
1213 1323 1284 1344 cum

31 1355 153 1393 ,κείω-ε,
173 1356 287 1394 exiguo
307 1356 402 1392 lucro,
421 1356 506 1386 nullo
520 1356 637 1386 honore
652 1357 830 1395 depugnare
840 1357 863 1387 2’
878 1373 922 1379 —
938 1355 1066 1397 [circum
1084 1355 1197 1396 pagos]
1224 1357 1284 1387 Lo-

32 1398 140 1438 quitur
156 1399 194 1429 de
208 1398 293 1429 festis
308 1399 510 1438 paganalibus
525 1405 555 1429 et
571 1399 804 1439 Compitalibus,
820 1400 872 1430 ubi
889 1400 1010 1440 pugiles
1024 1402 1186 1430 catervarii
1201 1401 1286 1439 oppi-

31 1441 107 1479 ῥιί
121 1439 222 1483 (Suet.
245 1443 311 1472 Oct.
332 1441 390 1482 45)
406 1443 454 1472 vel
475 1440 703 1482 circumsoranei
724 1444 842 1474 lanista·
858 1442 922 1483 (Id.
944 1443 1046 1472 Vitell.
1072 1442 1126 1482 12)
1150 1443 1284 1473 otiosum

74 1486 189 1525 pellum
212 1485 276 1516 suis
297 1485 414 1516 artibus
439 1485 543 1524 exigui
570 1488 706 1524 quaestus
732 1487 824 1516 causa
849 1487 1053 1516 delectabant.
1068 1502 1111 1508 -
1128 1484 1283 1527 [Magna]

83 1527 162 1559 elan.
188 1529 303 1559 Herod.
326 1529 358 1566 7,
378 1527 549 1560 ἐνίσταται
570 1527 739 1571 Ὀλύμπια
761 1528 803 1559 τὰ
825 1527 966 1571 μεγάλα,
990 1539 1052 1568 quo
1073 1531 1197 1560 nomine
1221 1530 1284 1560 ‹ils-

32 1570 255 1610 Rinssuebantur
269 1573 415 1612 Olympia
429 1573 468 1602 ad
479 1572 580 1603 Pisam
596 1574 749 1603 celebrata
760 1575 797 1602 ab
810 1573 878 1603 aliis
890 1573 1020 1602 aliarum
1038 1573 1161 1603 urbium
1173 1573 1283 1612 Olym-

55 1613 75 1622 ”’
94 1637 104 1647 .
117 1631 162 1638 -
175 1613 344 1656 [coronari]
372 1616 480 1646 Graeeo
504 1616 606 1653 modo,
631 1615 876 1657 στεφανοῦσθαι
900 1613 1078 1657 Ὀλύμπια.
1095 1633 1138 1638 -
1152 1615 1283 1657 [dulcis]

32 1622 106 1698 ᾖ
119 1661 225 1689 νετεῦε
241 1668 358 1689 caesura
373 1669 428 1689 nos
450 1659 507 1690 hoc
527 1669 591 1690 voc.
608 1661 742 1699 jungere
759 1661 850 1699 jubet
867 1669 938 1690 cum
953 1670 980 1689 v.
996 1661 1115 1699 palmae,
1134 1670 1196 1690 non
1212 1670 1284 1690 cum

31 1708 82 1732 π.
97 1711 165 1742 spes
179 1707 210 1732 et
225 1703 363 1733 conditio.
408 1703 416 1719 ‘
429 1703 488 1733 Cui
510 1702 605 1733 veluti
628 1709 711 1734 certo
733 1704 868 1742 quodam
891 1708 980 1742 pacto
995 1703 1148 1733 destinata
1163 1703 1203 1733 sit
1219 1703 1284 1733 vic-

31 1743 120 1782 m
143 1755 240 1784 quum
265 1755 356 1776 nemo
381 1755 452 1776 cum
476 1746 688 1776 robustissimo
713 1747 830 1777 athleta
859 1748 1016 1777 decertare
1041 1747 1154 1776 audeat
1164 1747 1182 1781 ς’
1214 1757 1284 1785 quae

54 1787 158 1822 uidem
173 1794 240 1819 erat
254 1789 382 1819 victoria
402 1790 466 1819 sine
485 1790 618 1828 pulvere,
640 1790 707 1820 sine
729 1790 865 1830 pulveris
880 1790 1067 1829 aspersione,
1082 1787 1213 1820 ἀκονιτὶ
1229 1788 1284 1820 καὶ

152 1830 184 1862 τὶ
198 1841 231 1862 m
260 1830 307 1862 ’”ν.

75 1841 211 1905 45χ2-48.
233 1841 356 1915 {glutus
377 1873 439 1915 est]
462 1875 512 1906 Ex
533 1885 618 1906 more
642 1875 826 1912 stoicorum,
851 1876 938 1915 quasi
960 1875 1054 1917 παρὰ
1079 1874 1284 1918 προσδοκίαν

30 1912 133 1957 injicit.
155 1918 370 1948 sententiolam
392 1929 447 1958 per
468 1928 510 1955 se,
534 1925 568 1949 ut
587 1919 719 1956 videtur,
740 1919 785 1950 ita
806 1920 919 1950 claram
941 1926 972 1950 et
992 1926 1117 1956 certam,
1134 1926 1169 1949 ut
1192 1929 1284 1950 nemo

31 1960 160 1998 omnino
185 1970 254 1991 eam
278 1971 390 2000 negare
414 1962 527 2001 possit:
557 1972 687 2001 eamque
710 1963 780 1999 alifi,
802 1964 855 1993 sed
876 1973 946 2002 quae
971 1963 1066 2002 priori
1092 1963 1201 1992 similis
1227 1969 1285 2002 est,

27 2003 260 2043 mmparatione
273 2005 378 2035 effert:
403 2007 412 2020 ‘
423 2005 466 2035 Ut
478 2005 622 2044 Olympia
644 2006 711 2035 sine
731 2006 899 2036 certamine
915 2007 1037 2037 vincere
1052 2007 1143 2044 longe
1158 2011 1285 2045 praestat

22 2044 167 2085 ‹fictoriae
181 2047 214 2076 in
231 2048 454 2087 Compitalibus
474 2054 585 2087 partae;
611 2049 654 2078 ita
668 2049 790 2080 animus
811 2060 917 2089 aequus
933 2050 1051 2079 facilius
1072 2051 1111 2079 ad
1127 2059 1284 2079 summum

19 2102 25 2115 z
73 2098 148 2120 num
171 2091 321 2130 pervenit,
344 2101 437 2130 quam
459 2101 540 2130 aeger
562 2101 598 2122 ac
620 2094 834 2132 perturbatus;
858 2099 894 2123 ut
913 2093 1014 2128 vilius,
1031 2094 1098 2128 &c.,
1120 2093 1163 2122 ita
1186 2092 1283 2123 virtus

24 2084 124 2216 ,ξαρ
138 2139 264 2173 praestat
278 2134 370 2164 etiam
391 2135 429 2164 iis
451 2134 539 2165 bonis
553 2135 702 2174 externis,
716 2146 785 2175 quae
800 2136 900 2176 prima
919 2137 1064 2166 mortales
1088 2137 1225 2166 ducunt)
1239 2152 1284 2161 -

23 2214 26 2215 ⁷
73 2185 148 2207 aaut
159 2187 290 2208 summus
304 2179 343 2208 ab
357 2175 430 2218 imo]
448 2178 530 2216 quod
546 2178 603 2208 loci
618 2179 698 2208 inter
715 2180 791 2210 duos
807 2180 903 2210 Janos
919 2185 976 2215 est,
991 2179 1044 2209 ubi
1066 2179 1196 2218 negotiis
1219 2180 1283 2210 suis

30 2220 183 2255 'meabant
203 2219 401 2251 feneratores.
446 2221 479 2251 P.
498 2221 602 2254 Victor
624 2222 655 2251 in
674 2222 778 2253 Descr.
795 2223 888 2253 Urbis
906 2223 1033 2252 Romae:
1050 2223 1119 2253 Duo
1135 2225 1284 2262 praecipui

34 2258 108 2298 U
121 2260 156 2304 (“
166 2263 364 2294 transitiones
385 2264 529 2303 perviae,”
552 2264 615 2294 Cic.
637 2265 675 2294 de
697 2266 736 2295 N.
760 2266 798 2296 D.
819 2267 848 2302 2,
865 2265 920 2305 27)
937 2267 979 2295 ad
997 2276 1099 2296 arcum
1114 2267 1284 2296 Fabianum

43 2339 48 2343 ,
74 2346 75 2349 ¹
127 2307 135 2315 ’
183 2305 372 2347 inferiorque.
406 2307 469 2338 Cfr.
485 2308 547 2338 Sat.
564 2309 596 2346 2,
610 2308 642 2346 3,
658 2308 706 2338 18.
747 2309 807 2339 Hic
822 2309 926 2348 lepida
946 2307 1202 2351 προσωποποιΐᾳ
1217 2310 1283 2348 ipse

34 2312 267 2386 medius
283 2350 420 2390 magistri
440 2356 542 2391 partes
562 2351 701 2392 suscipit.
713 2368 757 2374 —
774 2350 954 2392 [Prodocet]
973 2351 1067 2389 ἅπαξ
1081 2352 1282 2395 λεγόμενονι
