1390 2586
1364 0 1390 70 ‘i

165 89 221 128 48
524 95 783 124 SATmARuM
813 95 899 123 ΜΒ.
921 95 971 125 11.
992 85 1032 125 7.
1374 70 1390 139 ῗ

170 196 473 250 Continuatque
495 196 629 250 dapes,
653 210 727 236 nec
747 210 827 236 non
848 194 1054 236 verniliter
1074 194 1171 250 ipsis
1380 171 1390 233 i

170 253 372 308 Fungitur
393 252 542 300 officiis,
566 251 828 306 praelambens
849 266 966 292 omne
987 251 1094 306 quod
1115 250 1240 293 affert.

169 310 245 350 Ille
267 310 415 350 cubans
435 308 584 362 gaudet
605 307 755 348 mutata
777 315 895 356 sorte,
918 307 1114 362 bonisque
1313 310 1359 348 ll

170 366 310 406 Rebus
330 365 415 419 agit
436 365 569 404 laetum
592 363 821 411 convivam3
853 378 975 417 quum
996 363 1128 404 subito
1147 364 1293 419 ingens

169 422 386 462 valvarum
408 420 598 474 strepitus
619 420 733 460 lectis
754 418 929 459 excussit
950 427 1176 474 utrumque.

172 478 345 518 Currere
368 491 437 530 per
459 485 585 517 totum
607 475 739 530 pavidi
762 474 961 523 conclave,
983 475 1193 530 magisque
1378 511 1390 536 ,ὃ

171 533 392 574 Exanimes
414 532 623 586 trepidare,
645 531 762 571 simul
784 531 924 571 domus
944 530 1022 572 alta
1046 530 1234 571 Molossis
1378 533 1390 574 s)

172 590 387 630 Personuit
403 588 577 629 canibus,
610 587 719 628 Tum
732 587 914 635 rusticus,
935 586 1056 627 Haud
1076 586 1175 627 mihi
1189 586 1272 629 vita
1314 575 1390 634 113

172 645 246 686 Est
266 660 365 699 opus
386 645 472 696 hac,
492 644 559 692 ait,
583 651 623 684 et
642 644 798 684 valeas:
831 657 894 682 me
917 642 1015 684 silva
1035 657 1235 698 cavusque
1374 646 1390 682 'i

171 701 306 743 Tutus
325 701 375 742 ab
397 700 550 742 insidiis
571 700 683 741 tenui
704 699 895 740 solabitur
916 713 1021 740 ervo.
1376 682 1390 718 ε·

651 940 809 967 SATIRA
836 939 913 966 VII.

170 1029 414 1071 Jamdudum
434 1026 627 1074 ausculto,
651 1033 691 1065 et
711 1023 876 1079 cupiens
898 1022 971 1064 tibi
991 1023 1124 1064 dicere
1145 1038 1283 1065 servus

173 1087 320 1134 Pauca,
343 1083 568 1125 reformido.
611 1088 621 1107 ⁴
636 1079 884 1121 Davusne?’
927 1079 999 1121 Ita.
1046 1079 1200 1129 Davus,
1222 1080 1390 1124 amicum?

173 1142 427 1196 Mancipium
449 1140 622 1186 domino,
645 1146 685 1178 et
705 1136 824 1191 frugi,
849 1135 954 1190 quod
975 1136 1027 1177 sit
1046 1137 1162 1184 satis;
1194 1136 1269 1177 hoc
1289 1145 1377 1185 est„

173 1199 235 1240 Ut
256 1198 373 1238 vitale
395 1204 522 1252 putes.
582 1201 592 1220 ‘
610 1195 714 1249 Age,
736 1193 919 1233 libertate
942 1191 1176 1241 Decembri,

174 1254 349 1303 Quando
370 1254 426 1293 ita
446 1252 614 1306 majores
635 1249 859 1298 voluerunt,
884 1255 1019 1288 utere:
1051 1249 1192 1289 narra.’
1368 1249 1390 1291 fi

174 1311 272 1352 Pars
294 1310 498 1350 hominum
521 1306 627 1347 vitiis
647 1305 797 1361 gaudet
816 1311 1058 1352 constanter,
1081 1311 1122 1345 et
1142 1312 1261 1360 urget

174 1366 430 1422 Propositum
447 1381 455 1404 :
488 1378 577 1418 pars
599 1362 723 1402 multa
743 1368 865 1409 natat,
887 1360 1005 1401 modo
1025 1368 1134 1401 recta
1153 1373 1378 1415 capessens,

174 1422 382 1464 Interdum
404 1420 534 1475 pravis
555 1418 738 1459 obnoxia.
800 1417 917 1470 Saepe
938 1423 1098 1457 notatus

174 1479 280 1520 Cum
302 1479 426 1519 tribus
446 1475 628 1523 annellis,
652 1473 769 1514 modo
790 1473 891 1514 laeva
914 1471 1073 1513 Priscus
1093 1471 1217 1514 inani.

173 1536 288 1575 Vixit
309 1533 528 1588 inaequalis,
551 1531 704 1572 clavum
727 1537 771 1570 ut
791 1538 963 1569 mutaret
983 1527 1024 1568 in
1046 1527 1182 1577 horas;
1349 1530 1390 1569 H*

174 1591 350 1632 AEdibus
371 1605 423 1631 ex
444 1588 598 1644 magnis
617 1586 750 1627 subito
770 1600 812 1625 se
833 1584 1035 1633 conderet,
1059 1584 1166 1624 unde

176 1647 371 1689 Mundior
393 1646 522 1686 exiret
542 1644 609 1683 vix
630 1641 840 1682 libertinus
861 1640 1026 1682 honeste
1044 1655 1053 1680 :

178 1703 323 1744 Scurra
344 1700 595 1748 Volanerius,
617 1706 828 1753 postquam
848 1696 906 1736 illi
921 1697 1032 1751 justa
1051 1695 1244 1752 cheragra

177 1759 372 1801 Contudit
392 1756 590 1804 articulos,
614 1755 682 1809 qui
704 1768 775 1809 pro
796 1768 837 1793 se
859 1752 1019 1793 tolleret
1037 1760 1160 1807 atque

177 1816 365 1857 Mitteret
385 1815 425 1854 in
448 1813 627 1868 phimum
649 1811 760 1859 talos,
782 1808 967 1850 mercede
987 1807 1131 1849 diurna
1351 1809 1384 1848 li

177 1872 434 1914 Conductum
453 1868 585 1923 pavit:
618 1874 768 1922 quanto
790 1864 1033 1906 constantior
1051 1863 1159 1905 idem

177 1929 226 1970 In
248 1928 368 1977 vitiis,
391 1935 501 1967 tanto
523 1924 649 1965 levius
669 1923 788 1962 miser
807 1936 854 1962 ac
874 1921 982 1975 prior
1000 1920 1084 1970 illo,

177 1986 262 2035 Qui
276 1986 362 2040 jam
383 1990 584 2030 contento,
601 1981 685 2035 jam
706 1978 797 2019 laxo
816 1977 912 2017 fune
934 1977 1098 2018 laborat.

178 2048 188 2068 ‘
206 2043 300 2085 Non
321 2039 429 2080 dices
449 2037 579 2086 hodie,
603 2049 791 2090 quorsum
812 2033 897 2074 haec
918 2041 998 2074 tam
1018 2031 1156 2088 putida
1175 2031 1355 2080 tendant,

178 2095 406 2140 Furcifer?'
467 2093 532 2135 Ad
562 2101 615 2142 te,
646 2091 822 2146 inquam.
883 2089 1004 2138 ‘Quo
1029 2096 1158 2144 pacto,
1179 2084 1380 2143 pessime?

291 2151 450 2194 Laudas
1344 2145 1390 2184 2⁰¹

179 2212 411 2257 Fortunam,
435 2214 476 2248 et
495 2219 623 2247 mores
643 2203 819 2258 antiquae
839 2201 981 2257 plebis,
1004 2208 1046 2242 et
1064 2199 1184 2249 idem,

180 2269 225 2310 Si
245 2266 334 2323 quis
353 2264 402 2306 ad
422 2264 491 2305 illa
510 2262 627 2304 Deus
646 2260 777 2302 subito
797 2267 838 2300 te
857 2265 964 2315 agat,
986 2271 1113 2313 usque
1133 2269 1313 2298 recuses:
