1390 2586
122 106 202 148 146
322 128 331 133 .
547 105 915 137 mmm‘nE'rAno.
1255 95 1342 148 [siim.

119 206 256 236 futurum
271 205 395 243 aliquod
410 209 529 243 tempus
544 204 641 243 magis
655 210 860 243 opportunum
874 204 986 242 differt,
1007 215 1102 244 quum
1116 215 1150 236 re
1164 207 1237 236 vera
1251 215 1348 245 genus

118 249 202 279 istud
215 247 434 287 panegyricum
450 247 541 276 Vario
561 253 592 286 et
607 247 732 276 Rabirio
747 246 928 284 reliquisset.

164 292 212 326 19,
227 291 276 320 20.
303 287 409 328 [male]
427 290 434 303 ‘
447 290 547 321 Quem
564 289 588 318 si
603 289 671 327 quis
693 289 834 318 laudibus
857 290 983 319 extollat
1004 290 1117 328 ineptis
1131 295 1223 330 atque
1237 290 1348 320 immo-

120 333 243 368 deratis,
266 333 316 361 ille
340 341 390 361 eas
412 332 594 369 dedignatur
616 336 647 361 et
668 331 804 370 respuit)
817 347 859 353 —
875 329 1020 372 [undique
1042 330 1142 371 tutus]
1166 335 1174 349 ⁸
1187 333 1348 365 Quomodo

121 386 217 414 equus
233 374 451 404 recalcitrando
467 380 549 403 arcet
563 383 582 403 a
596 383 628 403 se
643 374 805 403 molestum
826 374 1027 413 palpatorem,
1048 375 1090 404 sic
1106 376 1208 404 Caesar
1230 375 1349 414 ineptos

119 419 303 452 adulatores,
321 416 363 445 ila
382 422 416 445 ut
432 425 554 454 quoquo
570 425 672 445 versus
685 425 717 445 se
733 417 770 445 ab
785 425 890 445 eorum
905 417 1028 446 incursu
1043 417 1179 447 tutetur)
1270 421 1273 426 “

162 459 297 490 21-26.
323 456 437 497 [tristi]
461 458 613 487 ‘mordaci
636 463 666 488 et
688 458 828 487 satirico.’
867 459 972 488 Comm.
998 459 1046 488 Cr.
1061 475 1104 481 -—
1120 457 1348 498 [Pantolabum]

121 504 185 532 Sat.
206 502 232 538 1,
249 502 278 536 8,
298 501 348 530 ll.
363 517 405 522 —
423 499 554 539 [Solent]
571 506 675 530 contra
689 501 842 530 decorum.
875 501 938 530 Cic.
954 511 1008 540 pro
1030 501 1111 531 Mur.
1127 502 1158 538 6,
1173 502 1268 532 Nemo
1279 500 1350 540 sere

121 546 214 575 saltat
229 545 353 579 sobrius,
370 541 516 581 nisiforte
531 544 842 572 insanit—multarum
857 544 1028 573 deliciarum
1043 554 1135 574 comes
1154 548 1198 574 est
1219 548 1351 574 extrema

121 588 252 617 saltatio.
262 602 305 607 -—
318 583 492 624 [Milonius]
510 586 529 600 “
539 586 648 615 Scurra
658 585 780 614 illorum
792 586 994 623 temporum‚'’
1017 586 1175 625 Porph.—
1185 585 1234 626 [ut
1245 588 1334 616 semel

124 631 182 659 ‘eo
205 629 270 667 ipso
291 628 434 666 temporis
457 633 620 663 momento,
643 637 703 666 quo
725 627 857 666 primum
880 628 981 657 ebrius
1003 627 1098 658 factus
1120 628 1185 658 est-¹
1199 644 1242 650 —
1258 627 1332 667 [icto

127 674 135 688 ‘
146 670 313 700 vinolentia⁴
335 671 426 709 capiti
448 670 642 708 perturbato.’
682 670 788 699 Comm.
807 670 858 699 Cr.
871 685 914 691 —
931 667 1090 710 [lucernis]
1107 670 1217 700 Juven.
1233 670 1263 707 6,
1278 671 1350 707 304,

127 715 222 746 Quum
247 714 358 743 bibitur
377 714 495 746 concha,
517 723 605 751 quum
622 711 690 751 jam
711 713 857 751 vertigine
880 716 988 742 tectum
1007 713 1151 742 Ambulat
1173 717 1203 742 et
1226 715 1351 752 geminis

124 758 258 795 exsurgit
273 766 371 785 mensa
387 756 522 784 lucernis.
537 770 580 776 —
597 752 735 794 [Castor]
754 755 789 783 ll.
806 765 836 794 γ.
853 754 926 790 237,
941 751 1097 795 Κάστορά
1117 752 1144 784 Θ’
1159 751 1351 795 ἱππόδαμον

124 798 177 828 καὶ
194 797 260 832 πὺξ
275 796 405 837 ἀγαθὸν
418 794 635 827 Πολυδεύκεα.
650 813 692 818 —
709 797 790 834 [ovo]
810 798 900 826 Ledae
915 807 933 825 a
949 797 1024 826 Jove
1044 797 1136 835 cygni
1151 797 1251 835 specie
1266 807 1349 827 com-

122 850 243 880 pressae.
289 842 297 855 ‘
311 841 366 868 Vel
387 840 493 869 fratres
515 839 638 877 gemelli
659 838 777 868 diversa.
797 843 967 878 sequuntur
988 839 1108 875 studia;
1132 839 1218 878 quid,
1237 849 1350 878 quaeso,

121 884 242 918 faciant,
259 882 311 920 qui
327 882 447 920 cognati
461 882 541 911 inter
555 891 587 911 se
601 891 663 910 non
677 881 784 910 sunt?’

166 926 300 960 27-29.
324 923 411 964 [quot
424 922 571 963 capitum]
587 925 607 940 ‘⁴
621 924 839 954 Terentianum
854 923 930 952 illud
947 923 1083 964 (Phorm.
1099 924 1130 960 2,
1147 923 1178 960 4,
1195 922 1259 963 14),
1275 924 1352 956 Quot

122 969 260 1003 homines,
276 972 318 996 tot
331 969 483 997 sententia
494 978 505 1000 ,-
526 977 596 996 mus
610 968 714 1006 cuique
728 966 818 996 mos.”
842 966 988 995 Schol.—
999 964 1168 1005 [claudere]
1183 967 1244 995 Sat.
1260 966 1287 1002 l,
1302 966 1352 1002 lo,

124 1011 178 1040 59.
194 1026 235 1032 -
252 1007 411 1049 [nostrum]
429 1009 509 1041 ‘Qui
532 1009 639 1038 melior
654 1008 714 1038 fuit
726 1018 776 1038 me
796 1014 829 1048 et
841 1013 881 1043 te,
897 1018 915 1037 ο
931 1009 1066 1044 Trebati,
1082 1018 1175 1038 censu
1196 1014 1226 1038 et
1241 1009 1352 1038 natali-

124 1053 200 1082 bus.'
246 1052 319 1081 Fuit
344 1052 427 1081 enim
450 1051 495 1080 vir
519 1052 617 1080 bonus
640 1056 672 1080 et
695 1051 782 1079 valde
807 1050 928 1087 nobilis,
951 1055 1056 1088 utpote
1083 1049 1188 1088 Magni
1215 1050 1352 1089 Pompeii

124 1105 207 1124 avus.
233 1095 339 1124 Comm.
358 1095 406 1123 Cr.
452 1094 553 1123 Etiam
577 1103 657 1122 nunc
679 1093 710 1122 in
733 1093 844 1122 talibus
865 1093 955 1130 vulgo
970 1093 1095 1122 utimur.
1141 1093 1214 1122 Tale
1229 1098 1275 1123 est
1291 1093 1353 1122 Lu-

124 1138 208 1167 cretii
223 1138 300 1166 illud
316 1136 344 1172 3,
363 1136 453 1171 1038,
476 1137 606 1165 Lumina
626 1137 669 1165 sis
690 1136 781 1165 oeulis
802 1137 892 1165 etiam
915 1136 1003 1165 bonus
1024 1135 1120 1165 Ancu’
1142 1136 1273 1175 reliquit,
1294 1136 1353 1168 Qui

123 1181 225 1210 melior
240 1181 340 1208 multis
355 1189 441 1217 quam
458 1176 572 1216 tufuit,
588 1179 728 1217 improbe,
741 1179 837 1208 rebus.
882 1178 1022 1216 Rutgm.

166 1222 300 1252 30-33.
325 1219 414 1260 [Ille]
431 1221 571 1250 ‘intimos
587 1220 681 1250 animi
697 1220 822 1249 affectus
843 1224 873 1249 et
895 1229 1020 1248 arcanas
1042 1228 1129 1249 curas
1150 1219 1352 1250 concredebat

123 1265 187 1294 sive
203 1264 410 1294 committebat
428 1263 535 1292 Satiris
550 1263 630 1297 suis;
652 1263 765 1300 magnii
786 1271 855 1291 cum
878 1261 1070 1300 simplicitate
1088 1260 1234 1301 (na'ivete)
1249 1262 1353 1292 omnia

122 1317 192 1336 cum
213 1307 376 1335 lectoribus
397 1305 634 1340 communicans,
656 1305 719 1334 sive
742 1304 816 1342 quid
838 1304 870 1333 in
893 1305 956 1333 vita
978 1304 1157 1342 quotidiana
1172 1304 1200 1333 ei
1214 1304 1286 1333 mali
1301 1314 1351 1334 ac-

124 1350 250 1384 ciderat,
266 1358 319 1378 seu
335 1348 408 1386 quid
424 1347 560 1386 prosperi
576 1346 762 1386 contigerat!
779 1363 821 1370 -
839 1344 1040 1385 [Decurrens]
1058 1348 1066 1362 ‘
1078 1345 1162 1376 aliud
1177 1346 1352 1384 confugium

124 1391 285 1430 quaerensff
300 1407 341 1413 —
358 1388 431 1430 [quo
443 1388 499 1429 fit]
524 1390 659 1419 “Solent
683 1388 822 1427 naufragi
849 1398 937 1418 suum
964 1388 1157 1426 naufragium
1182 1389 1214 1418 in
1240 1389 1353 1419 tabella

124 1434 277 1473 depictum
289 1432 491 1467 circumferre,
502 1442 630 1470 eamque
645 1431 676 1460 in
692 1431 813 1470 templis
828 1430 919 1460 alicui
933 1431 990 1460 deo
1005 1436 1209 1460 consecratam
1223 1441 1352 1470 suspen-

78 1489 86 1499 =
122 1477 203 1506 dere.
247 1476 298 1505 Ad
320 1476 402 1504 hunc
423 1476 548 1504 modum
566 1474 675 1504 Lucilii
694 1473 756 1503 vita
778 1478 839 1503 tam
861 1474 942 1502 clara
963 1479 1008 1502 est
1025 1473 1057 1502 in
1072 1475 1137 1512 ejus
1155 1473 1250 1509 libris,
1265 1473 1352 1512 quasi

122 1525 202 1548 esset
223 1518 342 1557 depicta
364 1518 397 1546 in
419 1518 522 1556 aliqua
546 1516 680 1546 tabula?
715 1516 820 1546 Comm.
846 1516 895 1545 Cr.
939 1516 1083 1545 Ceterum
1097 1517 1284 1546 demonstrat
1303 1516 1353 1545 hic

121 1562 216 1598 locus,
231 1560 336 1599 quanti
355 1560 500 1589 Horatius
513 1559 618 1588 fecerit
634 1558 743 1588 Lucilii
757 1562 787 1587 et
801 1557 937 1586 animum
949 1562 979 1587 et
993 1557 1169 1596 ingenium3
1190 1558 1244 1587 sed
1255 1567 1352 1587 unum

124 1604 156 1633 in
173 1613 209 1633 eo
224 1603 445 1642 reprehendere
467 1602 582 1631 solebat
603 1600 796 1639 negligentiae
818 1600 935 1629 vitium.
950 1615 994 1622 —-
1009 1597 1120 1640 [senis]
1144 1599 1352 1638 Hieronymus

124 1645 157 1675 in
169 1646 283 1675 Chrou.
296 1646 333 1674 ad
345 1645 392 1674 Ol.
411 1644 480 1680 169,
491 1645 520 1674 2.
532 1643 572 1673 46
587 1644 746 1672 dumtaxat
760 1652 855 1672 annos
868 1642 894 1671 ei
911 1642 1018 1672 tribuit
1033 1642 1146 1681 (ΛΑΜ).
1158 1641 1352 1681 606-651).

127 1689 186 1718 Sed
201 1697 296 1726 quum
311 1687 403 1716 fuerit
416 1687 531 1716 amicus
544 1685 678 1715 Africani
689 1685 814 1714 minoris
828 1684 979 1714 interfecti
995 1693 1024 1714 Α.
1034 1692 1064 1714 υ.
1073 1692 1100 1714 c.
1115 1685 1187 1721 625,
1201 1691 1232 1714 et
1246 1687 1302 1714 sub
1316 1694 1353 1714 eo

127 1730 316 1760 Numantino
331 1730 410 1758 bello
426 1727 473 1768 (Α.
488 1726 564 1766 621)
580 1737 673 1766 eques
688 1727 872 1763 militaverit,
888 1736 960 1756 sane
975 1727 1119 1757 credibile
1133 1732 1179 1757 est
1192 1729 1230 1757 ab
1244 1727 1352 1757 Hiero·
1376 1756 1381 1762 ,

124 1782 217 1812 nymo
232 1782 364 1802 errorem
379 1781 444 1800 esse
458 1780 661 1800 commissum.

166 1815 301 1845 34—38.
326 1811 497 1853 [Lucanus]
524 1812 659 1852 Opponit
683 1821 714 1842 se
740 1811 773 1841 in
795 1811 963 1850 municipio
988 1817 1094 1841 natum
1117 1810 1235 1842 Lucilio
1257 1811 1352 1850 equiti

127 1858 277 1892 Romano,
306 1864 340 1886 ut
362 1857 378 1886 J
383 1855 518 1885 uvenalis
546 1855 576 1891 6,
602 1854 671 1890 167,
697 1854 883 1883 Venusinam
915 1854 1009 1883 nobili
1032 1855 1187 1884 Romanae.
1232 1854 1270 1883 In
1296 1855 1353 1887 hac

127 1901 192 1930 tota
206 1906 308 1929 autem
323 1898 515 1936 degressione
530 1898 624 1926 animi
638 1898 730 1926 causa
744 1896 856 1926 imitari
869 1896 989 1926 videtur
1004 1896 1104 1935 ipsum
1123 1906 1220 1934 genua
1241 1896 1354 1926 Lucili-

126 1952 231 1972 anum.
246 1958 287 1964 —
303 1939 441 1981 [anceps]
472 1942 479 1955 ‘
491 1940 557 1978 Ego
582 1939 692 1969 dubius
720 1949 788 1968 sum
816 1944 908 1976 atque
928 1939 1078 1974 incertus3
1107 1948 1178 1969 nam
1207 1939 1353 1968 Venusini

130 1985 261 2014 Lucanis
276 1989 347 2013 sunt
362 1982 482 2012 finitimi
498 1990 529 2012 et
544 1982 671 2021 Apulis.'
694 1982 802 2020 Porph.
817 1997 860 2003 —
873 1978 931 2020 [ad
944 1982 1104 2021 hoc‚—quo
1118 1979 1170 2021 ne]
1190 1982 1198 1997 ‘
1209 1981 1250 2010 ad
1272 1981 1353 2011 bunc

128 2028 310 2063 finem,—ut
337 2035 376 2055 ne
392 2026 409 2060 ;’
438 2025 591 2054 rarissimo
619 2034 686 2054 usu.
700 2040 743 2046 -—
764 2021 923 2062 [Sabellis]
954 2024 1016 2054 Sat.
1046 2024 1074 2058 l,
1103 2024 1133 2059 9,
1161 2024 1212 2054 29.
1227 2039 1269 2044 —
1285 2021 1354 2062 [per

126 2067 265 2108 vacuum]
283 2071 291 2085 ‘
303 2069 328 2098 si
339 2077 400 2097 non
415 2067 591 2096 resisterent
605 2067 682 2096 hosti
698 2065 796 2095 coloni
813 2066 979 2095 Venusini!
992 2083 1031 2089 —
1050 2063 1213 2105 [Romano]
1235 2066 1283 2094 vel
1298 2075 1353 2104 pro

130 2113 278 2142 Romanis
292 2117 326 2140 ut
341 2110 426 2149 epod.
442 2109 471 2146 7,
486 2109 516 2145 6,
532 2110 578 2138 vel
600 2109 706 2148 supple
726 2118 807 2147 agro,
830 2114 864 2137 ut
884 2108 948 2138 Cic.
967 2108 1054 2138 Ve‘rr.
1069 2109 1140 2138 Aee.
1155 2108 1185 2143 3,
1202 2107 1250 2143 15,
1266 2118 1353 2147 quum

129 2165 164 2184 ex
187 2155 330 2184 Leontino
353 2162 443 2192 usque
468 2153 509 2182 od
531 2153 696 2191 Lilybaeum
717 2152 844 2190 aliquem
864 2151 1036 2180 variaretur.
1049 2165 1092 2172 —
1107 2147 1182 2189 [sive
1203 2148 1295 2189 quod]
1308 2151 1352 2180 ⁴in

129 2206 207 2236 pros.
223 2207 264 2225 or.
283 2198 290 2212 ⁶
303 2196 366 2225 sive
382 2195 505 2233 aliquod
520 2195 634 2224 bellum
648 2193 801 2223 inferret:’
817 2193 934 2222 dictum
956 2199 1002 2222 est
1022 2198 1058 2222 ut
1077 2194 1207 2222 incutere
1221 2194 1352 2228 verbero,

123 2240 228 2274 minas,
243 2243 361 2268 metum.

169 2281 303 2311 39—44.
328 2278 392 2319 [hic
405 2276 508 2318 stilus]
524 2280 532 2295 ⁶
545 2277 708 2308 Neminem
724 2280 788 2318 jam
806 2279 864 2308 hoc
878 2277 1046 2308 carminum
1067 2286 1180 2315 genere
1198 2276 1353 2311 lacessam,

129 2322 188 2353 nisi
212 2323 277 2362 ipse
300 2328 479 2362 provocatus
503 2321 586 2352 ero?
611 2320 657 2360 (id
678 2322 761 2359 quod
781 2322 862 2352 inest
882 2321 916 2350 in
938 2329 966 2350 v.
985 2318 1088 2359 ultro.)
1101 2335 1146 2341 —-
1161 2317 1210 2359 [ut
1229 2317 1351 2359 pereat]
