1390 2586
42 87 112 116 m.
126 77 168 112 11.
183 77 231 122 a]
487 76 864 108 lum-namtarum.
1040 114 1043 117 ,
1223 73 1300 116 181

46 182 312 222 Aur—opem
332 180 486 220 elegantia
507 190 544 210 ae
565 179 736 209 subtilitate
758 179 835 208 citro
857 178 1027 208 secandum.
1053 174 1232 219 [Gausape]
1255 186 1305 216 pr.

49 225 180 257 lhteum
193 225 345 255 villosum.

95 266 229 304 12—17.
250 263 420 308 [Sablegn‘t]
444 275 637 306 quaecunque
658 266 836 304 abjecerant
859 263 1006 299 convivae,
1029 274 1107 300 ossa,
1130 263 1305 303 putamina,

52 312 110 344 be.
139 311 203 345 Qui
217 310 290 342 talia
303 310 494 348 sublegebat,
510 306 708 346 ἀναλέκτης,
721 309 861 339 analecta
877 309 1051 337 vocabatur.
1086 307 1135 337 Sic
1151 305 1306 337 Calvisius

0 386 1 392 ¹
53 355 141 396 (Seu.
157 355 214 394 Ep:
229 352 286 393 27)
299 354 512 394 grammaticos
532 354 662 383 habebat
676 353 839 383 analeclas.
885 351 1065 381 Ridiculum
1081 350 1162 380 inest
1176 351 1208 379 in
1225 350 1306 380 mira.

0 414 1 417 ¹
52 398 258 431 mlectnmm
279 397 454 434 sedulitate,
477 396 525 426 cui
549 395 717 435 opponitur
742 395 957 434 pocillatorum
984 395 1068 424 lente
1091 394 1305 424 accedentium

101 451 141 472 ue
154 440 232 470 mira
243 440 389 479 gravitas.
403 456 448 461 —
463 438 586 479 [Attica
607 437 708 479 virgo]
726 436 922 480 κανηφόρος.
939 454 980 459 -
998 435 1193 478 [Hydaspes]
1214 437 1307 467 Indos

50 450 101 516 a
116 483 278 523 AEthiopes
298 483 331 513 in
353 482 471 513 familia
493 483 612 512 urbana.
626 482 740 511 habere
755 487 829 511 tunc
844 492 914 521 pars
929 481 1062 511 luxuriae
1083 487 1158 511 erat.
1180 484 1188 493 ¹
1206 479 1266 511 Hic
1289 490 1308 510 a

49 527 177 558 flumine
199 527 301 567 patrio
325 536 439 556 nomen
466 526 568 556 habet.
582 523 801 566 -[Caecuba]
825 525 875 555 Ex
899 525 988 555 Latio
1008 535 1103 564 prope
1127 524 1307 564 Campaniae

50 570 139 603 hen.
181 570 313 601 Videtur
339 569 501 600 Nasidieni
527 569 661 608 pravitas
684 569 717 598 in
742 578 778 598 eo
803 568 929 604 versari,
954 569 1037 607 quod
1062 578 1158 597 unum
1185 573 1307 598 tantum

49 613 158 645 dnum
173 613 318 644 Italicum
335 623 494 652 unumque
509 613 650 642 Graecum
667 611 770 641 afferri
790 613 936 651 jusserat,
951 622 1012 641 non
1028 612 1121 641 simul
1140 612 1307 642 Falernum

49 662 83 691 et
97 656 254 688 Lesbium.
299 657 412 687 Sordes
431 662 534 686 autem
557 656 622 695 ipse
645 655 774 685 ridicule
794 655 897 695 prodit
917 655 989 685 vina
1011 665 1159 693 generosa
1176 655 1308 684 offerens

50 700 224 736 dumtaxat,
240 710 310 739 quae
325 701 457 737 petitum
474 709 535 729 non
552 699 590 728 iri
606 709 624 729 a
641 699 812 728 Maecenate
826 709 882 738 pro
898 704 980 728 certo
996 699 1119 728 sciebat.
1136 715 1179 720 —
1198 697 1310 738 [maris

50 741 173 784 xpers]
197 742 253 783 (οὐ
275 740 592 783 τεθαλασσωμένον)
617 742 666 772 cui
691 742 858 781 opponitur
880 742 988 771 vinum
1015 743 1159 772 Graecum
1183 742 1309 772 salsum.

50 787 73 810 θ·
83 787 161 817 Erat
175 786 270 825 igitur
285 787 377 817 nimis
392 787 490 823 dulce,
502 796 596 825 quum
613 786 727 815 salsum
743 785 952 825 prae'tulissent
968 785 1135 816 convivae.’'

98 830 147 866 18,
165 830 213 861 19.
238 828 389 870 [Divitias
403 827 543 869 miseras]
561 839 632 868 quae
646 829 813 868 possessori
830 829 968 859 miserias
984 835 1088 858 creant
1111 839 1146 858 ac
1161 828 1310 858 sollicitu-
1353 862 1359 866 ⁴

53 873 171 910 dinem,
186 878 220 904 ut
235 874 298 904 Sat.
314 874 344 909 2,
361 873 391 909 6,
409 873 460 910 79,
476 883 543 912 opes
557 874 706 902 sollicitae.
753 872 876 902 Arrian.
895 872 996 911 Epict.
1012 872 1043 910 3,
1065 873 1115 906 22,
1134 873 1186 908 27,
1205 869 1309 902 'Idu-e

54 915 134 953 τοὺς
157 917 222 948 νῦν
248 915 443 954 πλουσίους,
469 914 550 953 ὅσης
576 914 725 956 οἰμωγῆς
746 913 762 945 ὁ
784 913 862 955 βίος
884 914 997 946 αὐτῶν
1016 914 1135 956 μεστός
1154 914 1312 946 ἑστιν.-

56 957 200 1001 [pulehre
213 957 331 1000 suerit]
356 959 418 990 cfr.
437 961 500 990 Sat.
516 960 547 996 2,
563 960 592 995 2,
612 960 681 990 120.
698 976 740 980 -
757 957 892 999 [laboro]
911 960 939 989 h.
957 960 978 988 l.
995 961 1002 975 ‘
1015 959 1116 998 cupio,
1133 959 1229 989 aveo.¹

98 1003 234 1034 20-24.
259 1001 428 1043 [Summus]
454 1003 575 1032 Novem
598 1009 671 1032 sunt
695 1003 842 1039 convivae,
866 1012 903 1032 ex
933 1002 1022 1032 solito
1046 1003 1129 1042 apud
1154 1003 1311 1032 Romanos

52 1055 148 1077 more.
179 1046 278 1076 Plaut.
295 1046 391 1076 Stich.
407 1047 438 1082 3,
454 1047 484 1082 2,
501 1046 552 1076 31.
576 1046 674 1075 Varro
690 1047 773 1085 apud
790 1047 869 1076 Gell.
890 1046 938 1081 13,
958 1046 1006 1076 11.
1022 1063 1065 1067 -—
1083 1043 1209 1085 [Viscus
1227 1046 1311 1076 Thu-

51 1087 154 1130 rinus]
173 1090 309 1125 Thuriis,
326 1090 477 1120 Calabriae
493 1089 618 1129 oppido,
630 1089 791 1125 oriundus,
803 1099 864 1128 quo
876 1089 1061 1128 cognomine
1076 1089 1279 1127 distinguitur
1293 1099 1312 1120 a

53 1132 153 1163 Vincis
167 1132 323 1165 fratribus,
342 1134 463 1163 Horatii
479 1133 594 1163 amicis.
630 1133 692 1164 Sat.
712 1133 740 1169 l,
761 1133 807 1170 10,
821 1133 872 1163 83.
887 1149 931 1154 ——
948 1130 1096 1172 [Varius]
1122 1138 1222 1172 poeta.
1247 1134 1311 1163 Sat.

56 1175 86 1213 Ι,
105 1177 136 1212 5,
157 1175 266 1206 40.--
283 1174 444 1217 [Servilio]
474 1177 582 1215 trisyll.
629 1177 666 1206 In
692 1177 847 1207 nummis:
874 1177 908 1206 C.
932 1177 1110 1206 SERvmm.
1160 1177 1250 1212 Huic,
1277 1181 1314 1206 ut

53 1229 176 1255 neunoe,
192 1220 285 1258 vulgo
300 1221 432 1250 dabatur
453 1226 692 1258 cognomentum
710 1221 848 1250 Balatro.
876 1220 938 1250 Cfr.
956 1221 1018 1249 Sat.
1038 1219 1066 1255 l,
1082 1221 1112 1255 2,
1129 1220 1157 1250 2.
1175 1237 1219 1241 —
1235 1218 1312 1260 [Vi-

55 1260 171 1303 bidius]
187 1263 280 1293 homo
294 1263 430 1302 ignotus.
444 1280 488 1286 —-
503 1261 610 1303 [quas]
631 1264 705 1292 Haec
720 1262 812 1293 lectio
834 1268 959 1302 praestat
979 1263 1067 1293 alteri
1083 1274 1165 1303 quos,
1181 1273 1218 1292 ex
1237 1273 1311 1293 con-

54 1305 219 1337 suetudine
240 1306 353 1336 Latina
373 1303 451 1347 (Sal.
474 1306 540 1336 Cat.
565 1307 619 1342 58,
642 1307 701 1336 Est
725 1307 804 1336 locus
828 1308 860 1336 in
883 1317 1014 1342 carcere,
1037 1308 1116 1346 quod
1141 1307 1314 1337 Tullianam

55 1346 196 1390 dicitur),
220 1355 250 1380 et
273 1349 392 1380 facilius
414 1349 486 1380 fem.
506 1350 539 1379 in
562 1359 655 1379 masc.
671 1351 833 1379 mutabant
856 1360 948 1389 quam
972 1348 1312 1390 contra—[umbras]

56 1393 222 1423 ‘convivas
242 1394 281 1423 ab
296 1392 363 1432 ipso
378 1393 504 1423 domino
520 1403 615 1422 coenae
631 1403 694 1422 non
717 1393 873 1425 invitatos.
890 1394 944 1422 sed
960 1403 1036 1432 quos
1056 1393 1184 1423 comites
1208 1403 1314 1424 secum

57 1435 183 1467 duceret
194 1446 300 1466 eorum
313 1436 436 1475 aliquis,
452 1436 506 1474 qui
518 1436 639 1466 invitati
653 1437 760 1466 erant.¹
771 1453 813 1458 —-
826 1434 1067 1476 [Nomentanus]
1085 1437 1215 1466 Videtur
1230 1437 1315 1467 idem

56 1488 126 1513 mm
143 1485 254 1518 nepote
270 1480 322 1509 illo
338 1480 446 1510 Satirae
465 1479 492 1516 1,
511 1479 538 1513 l,
554 1479 626 1514 103,
643 1479 889 1510 “Decumanum
900 1480 918 1493 ’³
936 1480 1009 1509 dicit
1026 1480 1145 1510 Comm.
1162 1481 1256 1519 Cruq.
1271 1497 1317 1502 —

59 1520 191 1563 [ipsum]
203 1529 236 1553 ut
247 1523 342 1553 servis
353 1523 468 1552 Graecis
480 1521 593 1560 αὐτὸς,
607 1522 918 1563 herus—[Porcius]
937 1525 954 1539 ‘¹
966 1523 1178 1562 publicanus.”
1205 1524 1314 1554 Comm.

60 1565 151 1606 cruq.
168 1582 210 1588 —
225 1571 303 1597 {otas
321 1567 423 1602 semel,
438 1567 447 1582 ‘
458 1576 521 1596 uno
544 1567 679 1602 haustu,'
703 1573 810 1596 contra
829 1568 932 1606 plures
954 1568 1050 1597 simul.
1066 1584 1109 1588 --
1122 1565 1314 1608 [obsorbere]

57 1609 240 1650 plerumque
256 1610 295 1640 de
310 1610 438 1649 liquidis
453 1616 627 1649 usurpatur,
644 1610 674 1639 h.
689 1610 709 1640 1.
724 1620 779 1649 pro
793 1611 954 1650 deglutire,
969 1611 1121 1641 devorare.

101 1653 152 1683 25.
177 1651 235 1693 [ad
248 1651 316 1693 hoe]
333 1655 341 1669 ‘
354 1654 393 1683 ad
409 1653 466 1683 hoc
481 1654 598 1690 aderat,
614 1659 649 1683 ut
664 1654 908 1684 nomenclatorem
931 1659 1047 1692 ageret,
1068 1654 1094 1684 si
1115 1654 1174 1684 cibi
1189 1654 1316 1693 aliquod

57 1704 157 1735 genus
172 1706 228 1726 nos
242 1696 346 1726 minus
359 1696 450 1736 periti
466 1706 527 1726 non
544 1698 800 1735 agnosceremus!

102 1739 153 1776 29,
167 1739 218 1770 30.
244 1740 308 1778 [Ut
321 1741 368 1770 vel
381 1739 535 1777 continuo]
562 1751 595 1770 as
610 1742 822 1781 immediately.
836 1757 880 1762 —
896 1738 1035 1780 [patuit]
1063 1741 1071 1756 ‘
1082 1740 1236 1780 Apparuit
1253 1741 1317 1770 No-

58 1788 206 1812 mentano
220 1793 238 1812 a
254 1789 383 1822 patrono
398 1783 643 1824 γαστρονομίας
659 1784 791 1814 doctoris
807 1794 920 1813 munus
936 1784 1114 1822 impositum
1131 1794 1196 1813 esse
1210 1796 1216 1819 ;
1245 1794 1317 1814 nam

59 1825 87 1856 ie
113 1825 174 1855 nisi
199 1826 345 1862 affuisset,
368 1826 421 1856 ina
443 1827 574 1865 passeris
596 1837 657 1856 non
681 1827 871 1865 tetigissem.’
887 1844 930 1848 ——
948 1827 1117 1867 [passeris]
1146 1828 1202 1857 Est
1227 1828 1317 1866 pleu-

59 1874 212 1907 ronectet,
226 1869 319 1899 hodie
333 1870 467 1909 platesca
482 1870 573 1899 flesus
588 1869 817 1910 (flounder).—
831 1871 1019 1911 [ingustata]
1040 1872 1047 1887 ‘
1061 1871 1139 1903 Quae
1156 1871 1228 1909 quia
1244 1871 1319 1900 alibi

60 1912 175 1951 apponi
205 1921 267 1942 non
289 1913 399 1950 solent,
427 1922 485 1951 ego
510 1923 670 1952 nunquam
693 1919 765 1944 ante
790 1915 968 1953 gustatam!
984 1931 1027 1936 —-
1043 1914 1132 1953 [ilia]
1161 1914 1319 1951 intestina,

56 1955 147 1996 jecur
160 1955 365 1994 potissimum.

103 1997 243 2029 31—34.
276 1998 456 2037 [melimela]
483 2000 693 2040 honey·apple.
726 2001 834 2037 Varro,
859 2001 898 2031 R.
926 2002 965 2031 R.
994 2001 1021 2036 1,
1048 2001 1100 2037 59,
1131 2002 1204 2033 Quae
1227 2005 1319 2031 antea

37 2045 203 2073 <mustea
232 2043 387 2079 vocabant,
413 2052 490 2072 nunc
517 2044 703 2074 melimela
735 2045 900 2084 appellant.
916 2060 959 2066 —
976 2044 1149 2082 [minorem]
1178 2045 1317 2074 ‘decres-

61 2085 205 2115 centem!
220 2101 263 2106 —
281 2085 453 2123 [damnose]
483 2085 675 2122 ‘immodice‚
698 2087 742 2117 ita
764 2093 798 2117 ut
819 2089 960 2118 damnum
982 2088 1104 2123 sentiat,
1136 2087 1189 2126 qui
1212 2087 1318 2118 convi-

59 2126 146 2158 vium
173 2129 364 2167 praebetl—
382 2129 555 2166 [moriemur
576 2130 682 2168 inulti]
709 2131 805 2169 Epica
827 2130 945 2172 φράσις
966 2130 1066 2170 (Virg.
1092 2132 1165 2161 AEn.
1190 2131 1220 2168 2,
1243 2130 1318 2168 670,

31 2202 35 2206 ,
61 2170 226 2248 {unquam
248 2182 346 2203 omne-³
367 2173 454 2203 hodie
475 2174 633 2203 moriemur
651 2173 766 2214 inulti),
790 2175 919 2205 ridicule
942 2175 982 2204 ad
1004 2175 1194 2213 potationem
1217 2180 1318 2205 trans-

93 2219 168 2244 rtur.

39 2264 79 2284 ...τ
104 2257 242 2288 35-41.
267 2256 598 2299 [calices—majores]
627 2259 673 2289 Ex
696 2269 782 2290 more
804 2260 921 2290 acrium
946 2266 1099 2300 potorum.
1124 2261 1188 2291 cic.
1205 2253 1320 2292 Accua.

37 2315 47 2333 :J
66 2297 96 2338 Ι,
116 2300 168 2338 26,
193 2301 245 2339 66,
263 2313 387 2342 poscere
412 2302 577 2343 majoribus
597 2302 947 2344 peculim—[parochi]
979 2304 1041 2334 Cfr.
1069 2306 1132 2335 Sat.
1157 2305 1185 2341 l,
1210 2306 1240 2342 5,
1266 2305 1322 2335 46.

35 2372 38 2374 ,
53 2341 128 2379 :Bit
155 2344 265 2376 festive
294 2346 338 2377 ita
372 2353 461 2377 vocat
495 2355 591 2377 coenae
627 2345 1065 2388 praebitorem-[Fervida]
1103 2350 1112 2365 ‘
1124 2348 1218 2379 Acria
1247 2348 1328 2384 vina*
