1390 2586
85 89 166 128 los
437 101 650 129 EPISTOLA
681 103 739 129 An
770 95 968 132 Plsonsss.

83 198 282 240 Versibus
303 200 486 248 exacuit3
517 201 634 242 dictae
654 216 726 256 per
746 203 921 245 carmina
940 212 1081 254 sortes,

84 255 140 296 Et
161 255 253 296 vitae
274 266 493 296 monstrata
513 257 578 297 via
597 266 682 305 est3
714 267 755 298 et
775 260 904 312 gratia
922 275 1065 316 regum
1270 291 1274 296 -

86 311 231 352 Pieriis
253 321 406 352 tentata
427 313 578 360 modis3
611 313 810 368 ludusque
831 325 1027 370 repertus,
1234 319 1317 357 405

86 367 142 408 Et
164 368 373 422 longorum
395 384 562 422 operum
585 368 697 410 finis:
730 385 781 410 ne
803 371 904 412 forte
925 372 1069 426 pudori

88 424 151 465 Sit
172 424 243 464 tibi
268 423 391 465 Musa
413 425 510 480 lyrae
529 425 665 474 solers,
689 435 730 467 et
750 436 888 468 cantor
911 428 1070 483 Apollo⁴

86 479 246 522 Natura
267 480 382 521 fieret
403 481 601 522 laudabile
622 496 796 532 carmen,
818 499 867 524 an
889 491 987 532 arte,

87 535 316 583 Quaesitum
338 545 419 578 est:
452 552 530 592 ego
551 552 626 578 nec
646 539 821 579 studium
843 540 929 580 sine
950 539 1072 581 divite
1094 541 1212 589 venii,

89 591 179 632 Nec
225 592 324 633 rude
369 593 466 648 quid
519 594 644 648 possit
690 595 807 636 video
858 596 1068 652 ingenium
1089 611 1098 636 :
1154 595 1321 638 alterius

201 648 258 688 sic
1237 655 1322 693 410

90 704 231 745 Altera
251 704 380 759 poscit
401 720 518 759 opem
539 720 614 755 τρε,
638 714 678 748 et
698 707 881 761 conjurat
900 708 1041 748 amice·

91 760 176 808 Qui
197 762 332 801 studet
352 771 529 815 optatam
551 778 668 803 cursu
689 765 926 817 contingere
949 773 1110 814 metam,

94 816 229 857 Multa
250 817 342 858 tulit
362 818 540 873 fecitque
562 833 686 874 puer:
719 819 787 874 qui
813 820 960 874 Pythia
982 829 1118 862 cantat

91 872 281 921 Tibicen,
305 873 444 914 didicit
464 874 574 929 prius
595 875 864 930 extimuitque
886 877 1135 932 magistrum.

92 929 183 969 Nec
203 930 297 970 satis
319 938 380 970 est
399 930 570 971 dixisse:
591 937 618 956 “
634 931 725 987 Ego
741 933 840 972 mira
860 942 1046 987 poemata
1065 947 1222 989 pango:
1239 935 1322 973 415

93 985 282 1040 Occupet
302 996 527 1027 extremum
549 988 716 1036 scabies,
738 988 836 1028 mihi
859 998 975 1043 turpe
996 990 1176 1045 relinqui>
1192 998 1265 1038 est,

92 1041 160 1090 Et,
184 1042 291 1096 quod
313 1057 394 1082 non
415 1043 550 1090 didici,
573 1059 668 1084 sane
690 1044 858 1092 nescire,
881 1044 1036 1085 fateri.’'

151 1098 211 1139 Ut
232 1113 374 1152 praeco,
397 1099 445 1139 ad
468 1114 620 1140 merces
641 1100 797 1141 turbam
819 1100 888 1155 qui
910 1102 1020 1156 cogit
1039 1101 1241 1150 emendas,

94 1154 378 1195 Assentatores
392 1156 513 1210 jubet
532 1156 581 1196 ad
605 1157 758 1196 lucrum
780 1156 838 1196 ire
859 1167 979 1211 poeta

91 1209 224 1251 Dives
244 1212 363 1266 agris,
387 1212 499 1252 dives
521 1213 659 1267 positis
680 1213 720 1252 in
743 1213 881 1253 fenore
903 1213 1088 1254 nummis.
1242 1216 1325 1254 420

95 1266 139 1307 Si
160 1282 254 1307 vero
276 1275 348 1316 est,
374 1277 538 1308 unctum
560 1269 630 1323 qui
651 1277 760 1309 recte
781 1283 931 1323 ponere
953 1270 1090 1324 possit,

94 1322 151 1363 Et
169 1323 368 1378 spondere
390 1324 469 1364 levi
491 1339 562 1379 pro
584 1339 774 1380 paupere,
798 1334 839 1366 et
860 1326 1015 1380 eripere
1035 1325 1131 1368 atris

94 1379 257 1420 Litibus
277 1380 531 1434 implicitum,
555 1381 739 1430 mirabor,
763 1381 795 1422 si
815 1381 915 1422 sciet
934 1382 1057 1422 inter-

96 1435 275 1476 Noscere
297 1437 530 1477 mendacem
552 1452 775 1492 verumque
798 1438 937 1478 beatus
957 1438 1144 1479 amicum.

95 1491 177 1540 Tu,
200 1507 271 1532 seu
293 1492 464 1542 donaris,
486 1509 558 1534 seu
579 1493 676 1548 quid
697 1495 845 1534 donare
867 1494 976 1534 voles
994 1495 1074 1544 cui,
1244 1496 1327 1534 425

97 1547 237 1589 Nolito
257 1549 307 1589 ad
329 1564 466 1590 versus
487 1550 559 1591 tibi
579 1551 704 1591 factos
724 1549 870 1590 ducere
892 1550 1056 1604 plenum

98 1603 298 1652 Laetitiae3
329 1605 518 1647 clamabit
538 1606 660 1654 enim,
682 1605 883 1646 Pulchre!
911 1608 999 1647 bene
1011 1605 1030 1648 Ι
1059 1605 1188 1647 recte!

99 1660 300 1701 Pallescet
319 1677 440 1716 super
460 1661 533 1711 his,
557 1662 677 1702 etiam
699 1662 863 1702 stillabit
882 1662 1021 1703 amicis

99 1715 164 1756 Ex
186 1717 311 1757 oculis
331 1732 484 1765 rorem;
515 1718 642 1767 saliet,
667 1718 809 1759 tundet
829 1719 931 1773 pede
954 1728 1112 1760 terram.

99 1772 162 1814 Ut
182 1773 252 1827 qui
274 1774 461 1815 conducti
483 1775 642 1829 plorant
661 1774 701 1814 in
724 1775 879 1823 funere,
903 1774 1044 1816 dicunt
1245 1777 1330 1816 430

100 1828 156 1870 Et
175 1830 328 1871 faciunt
348 1845 472 1884 prope
496 1831 609 1885 plura
628 1830 857 1871 dolentibus
879 1846 929 1871 ex
949 1831 1098 1881 animo,
1119 1830 1178 1872 sic

98 1885 268 1926 Derisor
289 1901 383 1927 vero
404 1887 494 1942 plus
514 1886 718 1927 laudatore
739 1895 934 1928 movetur.

102 1941 240 1997 Reges
261 1942 449 1983 dicuntur
469 1942 605 1984 multis
627 1958 770 1999 urgere
792 1943 962 1991 culullis‚

101 1997 158 2038 Et
178 2007 366 2053 torquere
386 2014 510 2048 mero,
533 2014 654 2053 quem
676 2000 929 2054 perspexisse
951 1999 1144 2050 laborant,

102 2054 170 2094 An
191 2055 242 2095 sit
261 2055 436 2096 amicitia
456 2055 614 2111 dignus.
676 2055 719 2096 Si
741 2056 916 2097 carmina
936 2056 1095 2105 condes,
1247 2057 1331 2096 435

104 2109 325 2165 Nunquam
348 2121 386 2152 te
407 2111 547 2152 fallant
565 2111 689 2152 animi
709 2111 783 2152 sub
805 2112 926 2167 vulpe
947 2112 1130 2153 latentes.

103 2164 307 2213 Quintilio
327 2168 360 2208 si
382 2168 479 2223 quid
499 2167 699 2216 recitares,
725 2168 908 2224 Corrige‚
930 2168 1059 2218 sodes,

105 2221 209 2271 Hoc,
232 2223 377 2273 aiebat,
402 2233 443 2265 et
463 2224 550 2265 hoc.
598 2224 753 2265 Melius
774 2232 813 2264 te
835 2239 951 2279 posse
971 2238 1155 2279 negares,

99 2277 172 2320 Bis
193 2287 335 2334 terque
356 2289 569 2336 expertum
589 2280 748 2330 frustra,
770 2280 905 2322 delere
919 2280 1106 2335 jubebat,
