1390 2586
174 127 227 165 62
517 132 831 161 EplsTOLARUM
860 131 947 160 ΠΒ.
968 131 998 158 1.
1018 121 1056 159 6.

175 235 289 284 Quid
308 233 426 275 maris
446 240 645 274 extremos
668 231 821 272 Arabas
840 230 1002 271 ditantis
1021 237 1063 270 et
1082 228 1218 278 Indos,

174 292 350 333 Ludicra
370 290 480 345 quid,
502 290 675 344 plausus,
698 295 740 328 et
757 286 874 328 amici
893 286 997 327 dona
1017 285 1201 335 Quiritis,

175 348 271 396 Quo
291 346 507 402 spectanda
526 345 656 393 modo,
679 358 760 398 quo
779 357 899 383 sensu
918 341 1045 383 credis
1065 349 1106 383 et
1125 339 1228 382 ore?

174 404 259 453 Qui
280 403 395 445 timet
414 402 475 443 his
495 401 672 449 adversa,
693 400 778 440 fere
800 398 962 439 miratur
983 397 1137 446 eodem,

175 461 271 509 Quo
292 459 470 514 cupienS,
493 466 631 512 pact03
654 470 775 510 pavor
795 463 855 496 est
876 454 1086 508 utrobique
1105 452 1309 502 molestus,
1343 453 1390 492 lo

175 515 398 571 Improvisa
416 514 533 555 simul
553 513 708 568 species
729 517 907 552 exterret
927 518 1154 564 utrumque.

176 572 364 614 Gaudeat
383 585 433 611 an
454 570 599 618 doleat,
622 568 756 623 cupiat
774 574 992 614 metuatne‚
1015 565 1111 620 quid
1131 564 1180 606 ad
1200 577 1298 613 rem,

176 629 233 677 Si,
256 626 448 682 quicquid
468 625 568 666 vidit
586 624 729 665 melius
749 624 915 679 pejusve
935 623 1006 663 sufi
1026 636 1110 676 spe,

174 684 335 725 Defixis
355 682 491 731 oculis,
513 681 728 735 animoque
750 688 791 721 et
810 693 974 733 corpore
996 676 1159 732 torpet?

174 740 311 781 Insani
331 739 490 794 sapiens
510 751 655 778 nomen
677 737 790 785 ferat,
812 749 951 789 aequus
970 733 1112 788 iniqui,
1346 733 1390 772 15

176 797 294 838 Ultra
315 810 435 850 quam
455 794 549 835 satis
570 801 630 834 est
650 793 836 833 virtutem
857 791 890 831 si
910 798 1022 845 petat
1040 791 1180 844 ipsam.

174 852 194 893 I
216 867 335 900 nunc,
357 858 570 906 argentum
593 858 633 890 et
653 862 822 889 marmor
843 855 970 895 vetus,
992 859 1150 900 aeraque
1171 851 1213 886 et
1229 851 1335 885 artes

176 908 357 964 Suspice,
380 921 470 948 cum
490 905 660 962 gemmis
682 904 831 959 Tyrios
850 903 993 943 mirare
1014 901 1189 942 colores:

175 965 333 1013 Gaude,
356 963 463 1018 quod
483 968 665 1017 spectant
684 960 789 1001 oculi
810 968 849 1001 te
870 959 978 999 mille
998 958 1256 1012 loquentem:

175 1021 314 1062 Navus
334 1035 450 1060 mane
470 1019 613 1067 forum,
637 1025 678 1058 et
697 1015 947 1071 vespertinus
967 1023 1060 1069 pete
1081 1020 1245 1061 tectum,
1340 1013 1390 1052 20

177 1077 241 1118 Ne
261 1077 352 1132 plus
372 1074 562 1116 frumenti
584 1073 780 1115 dotalibus
801 1079 950 1112 emetat
967 1069 1074 1125 agris

175 1133 333 1181 Mutus,
357 1140 409 1180 et,
432 1131 643 1185 iudignum
663 1128 671 1171 !
705 1128 811 1183 quod
830 1126 1104 1182 sitpejoribus
1124 1133 1246 1174 ortus,

176 1189 259 1230 Hic
279 1188 353 1230 tibi
373 1188 424 1229 sit
443 1187 588 1242 potius,
612 1200 732 1240 quam
754 1193 795 1225 tu
817 1183 1008 1224 mirabilis
1027 1182 1108 1230 illi3

176 1244 386 1299 Quidquid
407 1244 480 1284 sub
501 1244 607 1284 terra
628 1250 699 1290 est,
723 1241 763 1281 in
784 1240 962 1295 apricum
983 1238 1158 1293 proferet
1176 1243 1284 1285 aetas,

175 1301 370 1342 Defodiet
390 1299 616 1353 condetque
638 1297 819 1339 nitentia.
875 1295 1016 1343 Quum
1036 1294 1140 1335 bene
1160 1299 1300 1334 notum
1341 1293 1390 1332 2⁵

176 1357 361 1398 Porticus
382 1355 592 1411 Agrippae,
615 1362 656 1395 et
676 1354 740 1394 via
760 1360 800 1393 te
821 1349 1076 1406 conspexerit
1097 1348 1221 1405 Appi,

176 1413 241 1454 Ire
264 1421 396 1454 tamen
419 1418 554 1460 restat,
578 1410 714 1450 Numa
734 1423 814 1463 quo
834 1407 999 1448 devenit
1018 1413 1059 1447 et
1080 1407 1231 1447 Ancus.

178 1470 345 1510 Silatus
365 1476 435 1509 aut
454 1480 571 1508 renes
592 1466 730 1507 nnorbo
752 1471 956 1506 tentantur
975 1469 1106 1511 acuto,

178 1526 327 1574 Quaere
350 1525 486 1579 fugam
508 1523 647 1563 morbi.
710 1521 781 1562 Vis
802 1529 910 1560 recte
931 1519 1091 1559 vivere:
1123 1516 1214 1572 quis
1234 1514 1344 1558 non?

180 1582 224 1622 Si
246 1582 370 1622 virtus
391 1581 466 1621 hoc
488 1594 567 1620 una
586 1586 718 1634 potest
737 1577 843 1626 dare,
866 1575 978 1616 fortis
998 1573 1153 1615 omissis
1343 1573 1390 1613 31]

178 1637 271 1678 Hoc
290 1652 366 1693 age
387 1636 552 1677 deliciis.
613 1634 816 1675 Virtutem
837 1631 958 1673 verba
977 1639 1093 1685 putas
1113 1636 1155 1671 et

177 1693 336 1734 Lucum
358 1692 492 1747 ligna:
525 1705 620 1731 cave
641 1705 692 1730 ne
712 1697 850 1744 portus
870 1694 1040 1742 occupet
1057 1686 1182 1734 alter3
1216 1682 1223 1690 ”

178 1749 244 1790 Ne
268 1749 512 1804 Cibyratica,
534 1762 586 1787 ne
609 1746 790 1800 Bithyna
810 1744 973 1799 negotia
992 1742 1159 1798 perdas3

178 1805 299 1846 Mille
321 1805 470 1846 talenta
490 1802 767 1850 rotundentur‚
790 1800 956 1842 totidem
977 1799 1114 1847 altera,
1135 1811 1254 1853 porro
1273 1803 1315 1838 et

178 1861 320 1902 Tertia
338 1860 566 1907 succedant,
589 1867 630 1899 et
650 1873 740 1912 quae
759 1871 849 1912 pars
869 1855 1039 1910 quadret
1057 1868 1257 1895 acervum.
1345 1854 1389 1894 ΒΞ·

181 1917 345 1959 Scilicet
365 1930 530 1957 uxorem
551 1929 641 1965 cum
662 1915 767 1962 dote,
791 1913 1007 1966 fidemque,
1030 1919 1070 1952 et
1089 1910 1250 1959 amicos,

180 1974 235 2014 Et
254 1987 383 2029 genus
404 1980 444 2013 et
464 1972 630 2012 formam
650 1969 791 2025 regina
814 1968 993 2009 Pecunia
1011 1966 1154 2014 donat3

180 2032 244 2070 Ac
266 2031 366 2071 bene
388 2035 636 2068 nummatum
658 2026 818 2066 decorat
840 2023 1025 2072 Suadela,
1048 2022 1282 2076 Venusque.

180 2085 400 2140 Mancipiis
421 2083 598 2139 locuples
618 2090 713 2137 eget
731 2082 820 2122 aeris
843 2079 1125 2136 Cappadocum
1146 2092 1243 2118 rex:

183 2141 246 2182 Ne
267 2142 390 2183 fueris
414 2140 478 2181 hic
499 2149 556 2181 tu.
617 2137 861 2193 Chlamydes
883 2135 1091 2184 Lucullus,
1113 2141 1158 2175 ut
1176 2133 1302 2183 aiunt,
1345 2134 1390 2172 41.

183 2197 226 2238 Si
247 2206 380 2252 posset
399 2205 559 2238 centum
580 2210 710 2236 scenae
730 2194 908 2249 praebere
927 2198 1102 2247 rogatus,

182 2253 268 2302 Qui
298 2267 459 2307 possum
491 2251 579 2295 tot?
619 2251 696 2300 ait3
739 2259 874 2292 tamen
912 2255 953 2290 et
989 2260 1178 2302 quaeram,
1214 2252 1266 2294 et,
1303 2257 1381 2299 quo

292 2309 462 2361 habebo,
