1390 2586
36 0 228 140 gau]
468 81 844 113 INTERPRETATIO.
1200 83 1286 126 229

19 154 318 351 «ξηροτέρᾳ
329 179 470 224 γένηται
491 179 661 233 ἀλγηδόνι
681 181 703 220 ἦ
727 180 916 223 πηρώσεσιν
939 181 961 221 ἢ
988 181 1100 220 νόσοις
1125 181 1286 223 ἀνιάτοις.

18 277 26 299 1

143 233 329 268 preceptum
349 231 473 256 secutus
487 231 534 256 est
551 226 661 256 Zeno·
653 236 727 266 ipse.
763 226 840 256 Ibid.
857 227 908 256 28.
919 243 962 248 —
981 225 1103 267 [solvet]
1128 227 1286 260 Plutarch.

177 270 234 302 13·
258 268 319 301 ἐὰν
333 267 567 310 καθαρεύωμεν
582 267 652 300 ἀπὸ
669 269 728 299 τοῦ
745 268 908 309 σώματος,
920 266 981 306 ἕως
996 268 1068 301 ἂν
1056 281 1074 300 ο
1090 269 1169 307 θεὸς
1184 269 1288 308 αὐτὸς

131 323 196 356 wey
222 310 318 354 ἡμας.
363 314 492 351 Seneca,
522 313 581 362 Ep.
609 313 666 343 10:
700 313 797 343 Nobis
824 314 897 343 solva·
921 316 1022 353 perire
1044 318 1097 344 est.
1109 313 1287 354 —[ultima

118 355 135 398 ]
166 357 222 387 Est
246 357 348 395 imago
367 366 385 386 a
399 356 480 386 circo
499 356 605 396 petita,
631 356 702 386 alba
724 356 807 385 linea
827 357 867 386 ad
890 363 1017 394 metam,
1040 358 1124 387 sulco
1139 359 1222 388 calce
1238 359 1287 388 vel
1337 371 1342 375 ·

141 401 268 440 repleto,
293 399 342 430 cui
362 404 560 439 opponuntur
582 409 727 430 carceres
759 399 823 430 Cic.
840 400 877 429 de
895 401 966 430 Sen.
985 401 1045 430 23:
1070 402 1105 430 Si
1124 402 1191 440 quis
1212 403 1287 432 deus

130 444 292 484 largiatur,
319 446 355 472 ut
375 453 411 473 ex
431 444 486 473 hac
505 447 595 473 atate
617 453 825 482 repuerascam
845 447 875 473 et
893 445 925 473 in
941 445 1025 473 cunis
1044 445 1173 484 vagiam,
1199 446 1286 476 valde

18 509 24 516 .
80 520 83 521 ⁷
121 497 174 524 αι,
189 497 243 517 nec
251 496 319 517 vero
331 487 429 522 velim,
445 488 533 524 quasi
547 487 670 516 decurso
684 488 791 525 spatio,
809 497 828 516 a
839 488 919 517 calce
933 488 975 517 ad
989 497 1123 518 carceres
1138 490 1284 519 revocari.

54 568 59 570 v
162 529 266 568 Antig.
291 530 341 559 Fr.
362 529 416 559 13:
444 526 518 560 Ἐπ’
542 528 649 570 ἄκραν
672 527 794 570 ἥκομεν
812 529 971 571 γραμμὴν
987 531 1108 560 κακῶν.
1151 533 1159 547 ‘
1179 532 1285 569 Mors‚’

0 607 1 610 Ἰ
38 572 148 620 W&
170 573 179 589 ‘
193 582 402 603 aerumuarum
417 579 510 612 atque
527 573 653 602 omnino
669 582 772 602 rerum
789 573 994 603 humanarum
1011 580 1056 604 est
1071 574 1163 604 finis)

493 703 704 734 EPISTOLA
728 703 834 734 XVII.

34 691 77 811 ,1523
39 624 74 695 a&

34 787 55 803 “
81 790 220 823 quuu
253 791 367 827 Scaeva,
390 800 494 830 eques,
520 795 555 821 ut
574 790 663 821 aiunt
678 790 865 827 Scholiastae,
891 791 1062 828 Romanus,
1085 791 1224 832 alioquin
1240 798 1288 823 est

0 838 2 840 ’
112 840 170 866 tus.
213 834 413 873 Suspicantur
434 834 574 864 nonnulli
596 834 694 864 filium
719 834 811 864 fuisse
835 834 932 864 Cassii
949 836 1072 871 Scaevae,
1097 836 1287 867 centurionis

126 877 205 908 riani
222 877 379 907 fortissimi
401 875 530 917 (Caesar,
554 878 590 907 B.
607 879 643 908 C.
659 877 688 914 3,
705 876 772 917 53).
830 878 911 907 Huic
938 877 1032 916 igitur
1052 879 1150 909 amico
1168 879 1288 919 juniori

79 920 81 922 “
133 926 293 957 monstrat,
317 922 379 960 quii
394 921 601 960 potentiorum
624 921 761 951 favorem
781 921 840 950 sibi
866 927 962 961 paret,
986 922 1029 951 ita
1045 928 1159 958 tamen,
1180 929 1215 952 ut
1230 933 1288 954 nee

147 970 208 995 tem
227 964 362 1003 ingenuo
377 963 494 994 homini
507 964 709 994 necessariam
722 974 859 1003 uuquam
875 970 969 994 exuat
985 975 1085 1004 neque
1100 966 1288 997 adulationis

173 1007 342 1038 contrabat.
388 1007 486 1037 Simul
507 1007 661 1046 significat
685 1008 859 1044 lectoribus,
883 1009 1037 1046 quomodo
1053 1009 1118 1048 ipse
1134 1019 1204 1039 cum
1221 1010 1288 1040 Au-

142 1056 174 1081 et
196 1051 365 1081 Maecenate
379 1051 477 1081 amice
493 1056 585 1090 atque
601 1051 745 1087 officiose,
761 1052 815 1081 sed
831 1057 934 1080 tamen
950 1051 1047 1081 libero
1064 1052 1168 1082 animo
1183 1053 1287 1083 vivere

121 1098 144 1130 t,
154 1094 232 1125 adeo
243 1100 279 1124 ut
290 1104 381 1124 nemo
395 1104 467 1124 eum
482 1099 606 1134 propter
620 1095 700 1124 hanc
716 1104 785 1124 cum
801 1094 1010 1134 superioribus
1027 1096 1288 1127 necessitudinem

127 1138 263 1168 bendere
277 1137 382 1177 possit.
426 1136 546 1177 Scripta
561 1143 607 1168 est
622 1138 748 1168 sortasse
765 1146 871 1168 A.u.0.
890 1137 963 1173 735.

82 1179 175 1213 1—5.
209 1179 388 1221 [Quamvis]
419 1190 490 1211 cum
515 1181 693 1218 indicativo,
719 1186 754 1211 ut
781 1191 808 1211 ν.
836 1182 887 1217 22,
908 1187 939 1211 et
967 1182 1047 1221 Epp.
1075 1181 1102 1218 1,
1126 1182 1175 1219 14,
1198 1182 1229 1220 6,
1252 1189 1288 1214 ut

159 1235 334 1265 quamquam
356 1234 426 1254 cum
450 1224 654 1264 conjunctivo,
673 1225 757 1263 Virg.
780 1225 853 1254 AEn.
870 1224 899 1260 6,
925 1224 998 1261 394,
1023 1224 1218 1266 &c.—-—[per
1239 1231 1267 1257 te

35 1304 38 1306 ¹
113 1278 130 1299 e
143 1267 270 1298 alterius
284 1268 471 1307 praecepto;'
497 1269 506 1284 ‘
522 1267 579 1297 etsi
600 1278 649 1298 me
665 1278 727 1298 non
743 1277 816 1306 eges
838 1269 1085 1298 consultore.’·-
1105 1267 1268 1309 [amiculus

83 1311 152 1342 ll.
172 1311 224 1348 30,
249 1311 280 1346 2,
307 1311 537 1340 Diminutivum
563 1316 711 1346 teneram.
739 1312 803 1350 quei
830 1311 862 1340 in
890 1313 1024 1341 Scaevam
1053 1312 1208 1342 animatus
1237 1314 1287 1350 sit,

32 1350 55 1360 '²
79 1353 204 1385 icitiam
216 1354 373 1394 exprimit.
382 1370 425 1376 —-
435 1352 599 1395 [docendus
614 1352 728 1395 adhuc]
755 1357 763 1370 ‘
774 1360 895 1393 egomet
911 1355 977 1393 ipse
993 1356 1189 1394 praeceptoris
1204 1356 1287 1386 indi·

79 1407 134 1428 ·18·
125 1397 150 1434 3’
172 1397 276 1428 minus
290 1403 372 1428 recte
393 1398 446 1427 alii
464 1399 611 1437 Jungunt,
634 1399 714 1428 disce
730 1399 878 1428 docendus
896 1399 1005 1436 adhuc,
1027 1409 1084 1438 pro
1098 1400 1235 1430 docende.
1244 1415 1288 1423 -

37 1443 60 1474 ἕρ
95 1443 208 1481 aptium
221 1438 351 1481 secisse]
374 1438 548 1482 ἀορίστως,
572 1441 581 1457 ‘
597 1441 629 1471 in
652 1451 718 1471 rem
733 1447 819 1471 tuam
834 1442 974 1478 vertere,’
991 1442 1208 1480 degenerantis
1225 1443 1286 1473 La-

39 1482 46 1517 ζ
68 1486 70 1490 ’
131 1484 168 1515 tis
183 1486 388 1524 appropriare.

43 1532 54 1560 I',
80 1525 525 1569 8-10.[pn·mam-1wram]
550 1527 611 1558 diei
626 1526 723 1557 civilis
737 1527 810 1557 inde
825 1538 843 1557 a
859 1527 930 1557 solis
948 1533 1034 1563 ortu3
1057 1529 1178 1559 diversa
1192 1529 1288 1568 igitur

30 1606 32 1611 ,
74 1577 77 1579 “
112 1579 152 1602 ex
165 1571 357 1610 singulorum
372 1571 446 1602 anni
463 1575 636 1610 temporum
651 1571 779 1600 ratione.
790 1587 833 1592 -—
847 1569 1014 1611 [rotarum]
1038 1578 1068 1601 et
1088 1571 1205 1612 proprii
1220 1573 1287 1604 cisii

85 1618 266 1650 oeterorum,
291 1615 403 1654 quibus
424 1614 548 1644 vehitur
566 1619 714 1654 patronus
735 1615 863 1653 ejusque
882 1614 1053 1644 comitatus.
1064 1633 1106 1638 —
1119 1613 1286 1657 [caupona]

33 1671 68 1696 Α·
96 1666 196 1698 pouae
218 1667 273 1697 per
288 1658 353 1688 vias
373 1658 510 1698 publicas
533 1662 564 1688 et
583 1658 615 1687 in
643 1657 797 1696 oppidulis
821 1664 895 1687 tunc
917 1658 1058 1696 pessimae
1074 1665 1173 1689 erant.
1219 1660 1288 1691 Hoc

33 1730 52 1740 ,
73 1704 137 1732 -tnr
158 1701 251 1731 dicit:
281 1702 337 1731 ‘Si
364 1707 394 1731 te
418 1701 580 1731 offendunt
605 1702 704 1730 multa
730 1700 783 1730 illa
806 1700 954 1730 itinerum
979 1701 1183 1740 incommoda,
1213 1713 1287 1734 sane

48 1780 55 1788 ⁴
143 1745 250 1774 ndum
277 1744 332 1774 tibi
359 1744 418 1774 erit
447 1754 466 1774 a
490 1744 666 1784 proposito‚’
695 1744 750 1774 &c.
761 1742 1045 1784 -—[Ferentinum]
1082 1746 1288 1777 Hernicorum

91 1786 242 1823 11111111111;
258 1787 479 1827 ‘municipium
491 1788 548 1817 viae
565 1787 725 1817 Lavicanae
741 1788 780 1817 ad
795 1795 916 1818 xnvur.
932 1788 1087 1827 lapidem!
1113 1789 1220 1820 Comm.
1236 1791 1287 1822 Cr.

60 1833 66 1838 “’
83 1830 173 1862 loeis
191 1810 253 1861 illi’s
277 1831 420 1862 solitariis
439 1831 543 1861 Scaeva
567 1831 692 1861 fortasse
716 1831 866 1869 praedium
883 1831 1068 1870 possidebat.
1075 1830 1286 1882 —-[fesellit]

46 1878 57 1907 f
70 1888 83 1908 ,ι
104 1873 112 1881 “
126 1883 248 1913 semper
263 1875 362 1911 latuit,
377 1874 455 1904 vixit
470 1874 614 1914 ignotus)
638 1873 798 1913 Significat
810 1874 934 1913 Epicuri
950 1875 1027 1904 illud
1042 1872 1123 1905 λάθε
1134 1873 1276 1914 βιώσας.

81 1915 199 1954 11,12.
230 1917 388 1957 [prodesse
414 1916 535 1958 tuisJ‘
548 1923 700 1957 quatenus
723 1917 755 1946 in
780 1923 848 1947 tuos
870 1925 1016 1956 cognatos
1041 1929 1076 1948 ac
1101 1920 1289 1950 necessarios

46 1962 59 1989 ἶ
107 1961 195 1991 ndat
209 1960 293 1991 favor
307 1961 398 1991 amici
415 1960 567 2000 potentis!
576 1977 620 1982 —
631 1959 855 2001 [benignius]‘
871 1961 986 1991 lautius
1001 1962 1124 1998 vivere‚’
1149 1963 1290 2002 ‘largius

24 2027 25 2030 η
47 1998 59 2009 ⁶
91 2013 133 2034 -ro
155 2004 337 2043 indulgere!
352 2001 534 2044 —[siccus]
557 2006 566 2021 ‘
583 2014 699 2043 pauper
721 2013 757 2034 ac
775 2004 876 2033 tenuis
894 2005 934 2034 ad
953 2005 1135 2044 opulentum
1156 2012 1188 2035 et
1203 2007 1290 2037 locu..

59 2044 61 2047 ’
84 2065 105 2070 ›-
132 2062 135 2073 ι
166 2047 174 2061 ’
210 2048 319 2078 Comm.
349 2048 400 2078 Cr.
459 2048 574 2078 Unctus
602 2047 628 2077 is
653 2054 708 2083 est,
737 2046 789 2085 qui
816 2047 901 2076 lauta
929 2049 1046 2086 praebet
1078 2049 1229 2086 convivia,
1253 2055 1289 2081 ut

78 2091 82 2095 '
102 2105 106 2115 =
136 2089 165 2127 l,
180 2090 230 2127 15,
246 2090 297 2121 44.
343 2090 406 2121 His
425 2095 623 2130 opponuntur
636 2091 718 2126 sicci,
742 2091 750 2106 ‘
766 2090 818 2129 qui
835 2095 960 2130 propter
981 2097 1196 2131 paupertatem
1212 2093 1288 2124 cibis

20 2171 22 2173 Ι
87 2138 171 2164 wtur
193 2134 426 2174 simplicissimis
446 2133 629 2173 quibusque,
654 2135 799 2164 siccantes
818 2135 915 2164 cibum
940 2136 978 2164 ab
1003 2134 1288 2175 omniJurulentia‚’

51 2209 76 2223 ,μ’
94 2176 143 2208 'nit
160 2177 289 2208 Tertull.
307 2177 345 2207 de
365 2177 499 2217 Jejuniis
525 2177 552 2207 1.
576 2176 723 2207 Similiter
747 2177 810 2207 Cic.
835 2187 891 2216 pro
914 2178 945 2207 S.
968 2178 1093 2215 Roscio,
1117 2179 1168 2216 27,
1191 2181 1288 2211 victus

48 2256 219 2305 ,1218—15.
251 2261 306 2304 [Si
323 2261 505 2304 pranderet]
538 2263 640 2293 Verba
666 2263 814 2302 Diogenis
844 2263 962 2303 Cynici.
994 2264 1083 2304 Diog.
1112 2265 1146 2297 L.
1168 2267 1200 2302 2,
1226 2266 1286 2297 68:

25 2309 28 2316 “
107 2324 110 2329 -
136 2322 140 2332 ι
190 2317 214 2338 α
238 2305 318 2338 ποτὲ
333 2304 555 2348 Ἀρίστιππον
576 2304 718 2347 λάχανα
740 2304 885 2338 πλύνων
906 2305 1064 2348 Διογένης
1085 2306 1210 2350 ἔσκωψε
1233 2308 1288 2340 καί
