1390 2586
93 89 176 127 102
445 98 658 126 EprsroLA
691 98 748 126 An
779 99 978 127 szomzs.

93 198 376 240 Mandentur
360 197 504 253 Juveni
526 206 671 252 partes,
694 212 901 252 pueroque
923 197 1071 244 viriles,

94 255 295 310 Semper
286 270 326 295 ιιι
348 254 548 309 adjunctis
569 269 738 308 aevoque
760 254 1005 295 morabimur
1023 254 1142 309 aptis.

150 313 237 352 Aut
256 311 390 365 agitur
412 325 475 350 res
495 310 535 350 in
558 309 700 359 scenis,
723 318 794 351 aut
812 318 901 351 acta
921 311 1104 352 refertur.

96 368 273 423 Segnius
294 367 452 407 irritant
470 367 625 407 animos
646 366 818 407 demissa
838 381 909 420 per
929 381 1081 416 aurem,
1251 368 1330 407 180

95 424 229 472 Quam
252 438 343 478 qnae
363 431 458 464 sunt
477 422 603 463 oculis
623 423 805 477 subjecta
826 422 1024 472 fidelibus,
1047 434 1089 464 et
1109 437 1202 478 quae

94 480 189 534 Ipse
210 480 286 520 sibi
309 479 428 520 tradit
447 489 568 533 spect·
562 488 658 519 ator.
720 478 814 519 Non
837 487 971 519 tamen
994 479 1101 520 intus

92 537 235 591 Digna
256 536 343 590 geri
366 550 524 589 promes
545 535 585 575 in
606 550 790 582 scenam;
823 532 1029 589 multaque
1050 535 1166 576 tolles

97 593 162 633 Ex
183 593 321 641 oculis,
346 607 436 646 quae
459 606 551 632 mox
574 601 707 632 narret
727 591 914 631 facundia
935 606 1122 644 praesens.

98 649 163 689 Ne
185 663 331 703 pueros
352 662 483 688 coram
507 647 654 702 populo
680 647 832 688 Medea
853 647 1038 696 trucidet,
1254 649 1331 688 185

96 706 184 746 Aut
204 705 378 745 humana
399 719 436 758 p
427 704 530 744 alam
551 711 698 758 coquat
718 711 812 744 exta
833 703 1008 744 nefarius
1030 705 1194 752 Atreus,

99 761 216 802 Aut
207 776 245 801 ln
268 775 384 801 avem
411 760 567 800 Procne
589 769 779 808 vertatur,
806 755 1015 800 Cadmus
1006 775 1047 800 ιιι
1067 774 1257 814 anguem.

98 817 387 872 Quodcunque
410 817 586 857 ostendis
607 816 703 856 mihi
725 817 794 864 sie,
817 815 1047 857 incredulus
1069 815 1146 856 odi.

155 873 273 914 Neve
295 873 438 922 minor,
461 888 542 913 neu
562 872 614 913 sit
634 873 777 927 quinto
797 872 1027 927 productior
1045 882 1140 914 actu

101 930 268 979 Fabula,
292 945 383 984 quae
405 930 514 984 posci
536 944 558 968 v
565 929 622 970 ult
642 937 683 969 et
702 937 882 983 spectata
903 928 1057 983 reponi.
1254 929 1333 968 190

100 986 191 1027 Nec
211 987 310 1026 deus
331 987 502 1034 intersit,
526 985 602 1026 nisi
624 985 771 1040 dignus
793 985 951 1025 vindice
973 985 1101 1025 nodus

101 1043 321 1090 Inciderit3
353 1057 429 1083 nec
449 1050 591 1096 quarta
612 1041 721 1095 loqui
743 1055 913 1095 persona
934 1040 1099 1082 laboret.

101 1099 263 1140 Actoris
285 1108 417 1153 partes
437 1099 581 1139 chorus
601 1098 857 1152 officiumque
879 1097 994 1137 virile

101 1155 336 1201 Defendat;
368 1169 447 1195 neu
469 1154 564 1209 quid
587 1154 739 1195 medios
760 1153 975 1195 intercinat
995 1161 1122 1202 actus,

103 1211 227 1260 Quod
248 1226 328 1252 non
350 1211 555 1266 proposito
575 1210 774 1251 conducat
794 1218 834 1251 et
855 1209 1004 1251 haereat
1022 1217 1131 1264 apte.
1258 1210 1337 1249 195

104 1268 180 1309 Ille
202 1268 317 1308 bonis
337 1268 551 1322 faveatque
573 1274 614 1307 et
634 1266 867 1307 consilietur
885 1266 1028 1315 amice,

106 1324 162 1365 Et
181 1332 298 1379 regat
318 1324 452 1372 iratos,
475 1332 517 1364 et
536 1331 645 1363 amet
665 1337 808 1377 pacare
831 1330 1058 1363 tumentes·
1047 1353 1058 1369 ,

104 1381 181 1422 Ille
202 1381 325 1435 dapes
347 1379 482 1420 laudet
503 1394 652 1420 mensae
674 1378 816 1428 brevis,
840 1378 907 1419 ille
928 1378 1130 1419 salubrem

103 1436 322 1485 ,Iustitiam
347 1436 554 1501 legesque,
577 1445 618 1476 et
637 1435 785 1490 apertis
805 1435 887 1476 otia
906 1434 1055 1489 portis·
1046 1465 1056 1482 ,

107 1493 183 1534 Ille
205 1501 316 1546 teo-at
337 1493 559 1541 commissa,
582 1492 760 1546 deosque
783 1500 968 1546 precetur
989 1498 1030 1531 et
1049 1498 1149 1539 oret,
1194 1506 1199 1513 ·
1255 1492 1338 1530 200

109 1549 170 1591 Ut
190 1549 329 1590 redeat
349 1549 516 1598 miseris,
539 1548 658 1589 abeat
678 1549 838 1589 fortuna
857 1546 1052 1602 superbis.

108 1640 110 1643 .
163 1606 288 1646 Tibia
309 1621 402 1654 non,
427 1614 470 1646 nt
491 1620 611 1653 nunc,
635 1603 833 1645 orichalco
854 1603 999 1650 vincta,
1025 1602 1214 1657 tubaeque

107 1661 288 1710 AEmula‚
311 1662 381 1702 sed
404 1662 536 1702 tenuis
556 1660 811 1714 simplexque
832 1659 1024 1700 foramine
1046 1673 1175 1713 pauco

109 1718 329 1772 Adspirare
351 1725 392 1758 et
411 1717 549 1757 adesse
571 1715 707 1757 choris
722 1725 807 1757 erat
828 1715 950 1763 utilis,
972 1724 1095 1769 atque

109 1774 301 1815 Nondum
323 1774 450 1828 spissa
470 1773 587 1814 nimis
608 1772 810 1826 complere
830 1771 972 1812 sedilia
992 1771 1115 1812 flatu·
1105 1802 1116 1819 ‚
1257 1772 1340 1810 205

110 1830 207 1879 Quo
227 1845 323 1871 sane
345 1829 518 1884 populus
539 1829 811 1876 numerabilis,
837 1837 975 1882 utpote
997 1842 1142 1881 parvus

110 1887 166 1928 Et
186 1887 308 1942 frugi,
330 1896 543 1940 castusque
565 1885 913 1939 verecundusque,
937 1884 1081 1924 coibat.

111 1944 331 1998 Postquam
354 1942 478 1996 coepit
497 1957 615 1997 agros
635 1941 855 1982 extendere
878 1941 1015 1989 victor,
1039 1948 1080 1982 et
1100 1939 1241 1980 urbem

110 2000 250 2040 Latior
270 1999 459 2054 amplecti
482 2013 630 2063 murus,
654 1998 830 2052 vinoque
850 1997 995 2038 diurno

111 2056 268 2096 Placari
293 2055 452 2096 Genius
473 2055 614 2095 festis
605 2069 772 2108 lmpune
793 2054 949 2100 diebus,
1259 2052 1342 2091 210

110 2112 294 2153 Accessit
314 2111 572 2176 numerisque
594 2111 803 2165 modisque
826 2109 988 2150 licentia
1008 2108 1146 2162 major.

110 2168 302 2209 Indoctus
323 2168 421 2222 quid
443 2169 551 2207 enim
572 2175 732 2221 saperet
753 2167 935 2220 liberque
958 2165 1136 2211 laborum

110 2224 303 2265 Rusticus
325 2225 478 2264 urbano
498 2226 699 2271 confusus,
724 2222 850 2276 turpis
872 2219 1073 2262 honesto?

113 2281 181 2322 Sic
202 2281 342 2336 priscae
363 2288 599 2335 motumque
621 2287 663 2321 et
682 2279 883 2320 luxuriem
903 2277 1056 2319 addidit
1073 2275 1150 2317 arti
