1390 2586
385 135 705 165 EPISTOLARUM
737 135 825 164 Lm,
851 136 880 164 1.
901 123 970 163 20.
1094 139 1098 143 ·
1250 123 1301 164 81

47 239 295 289 Archilochi,
319 254 400 281 non
423 253 487 279 res
508 247 550 280 et
564 237 734 294 agentia
755 236 879 278 verba
902 235 1156 292 Lycamben.
1244 239 1300 278 25

46 301 124 350 Ac,
147 314 199 340 ne
220 313 285 339 me
305 297 412 338 foliis
433 296 525 337 ideo
548 295 800 336 brevioribus
820 309 952 342 ornes,

47 356 172 406 Quod
194 355 310 398 timui
331 363 490 395 mutare
512 353 652 394 modos
673 363 715 394 et
735 352 923 393 carminis
944 360 1095 399 artem3

47 414 273 469 Temperat
295 411 531 453 Archilochi
557 410 721 451 Musam
745 409 849 466 pede
872 410 1046 450 mascula
1072 408 1251 465 Sappho,

47 471 274 527 Temperat
295 469 481 518 Alcaeus3
513 469 583 510 sed
607 468 727 509 rebus
749 475 790 509 et
810 467 950 508 ordine
972 467 1119 522 dispar,

48 528 140 571 Nec
159 543 342 570 socerum
366 527 525 583 quaerit,
549 541 672 582 quem
697 525 878 566 versibus
899 524 1054 565 oblinat
1074 524 1184 574 atris,
1246 525 1301 566 30

48 585 140 628 Nec
159 601 318 642 sponsae
340 585 531 640 laqueum
555 584 707 625 famoso
728 582 907 623 carmine
930 583 1068 623 nectit.

49 643 177 686 Hunc
197 658 289 699 ego,
313 658 392 684 non
415 642 495 684 alio
516 641 669 682 dictum
692 640 804 696 prius
825 655 906 688 ore,
934 639 1107 681 Latinus

48 701 229 758 Vulgavi
251 700 422 748 fidicen3
449 700 569 755 juvat
589 698 870 739 immemorata
891 697 1091 738 ferentem

50 758 249 815 Ingennis
270 757 480 813 oculisque
503 756 598 812 legi,
623 756 892 810 manibusque
915 755 1057 795 teneri.

51 816 166 858 Scire
187 815 302 866 velis,
326 830 417 856 mea
438 829 510 856 cur
531 814 716 869 ingratus
736 812 931 868 opuscula
954 813 1080 854 lector
1251 815 1306 854 35

50 873 214 916 Laudet
232 881 424 928 ametque
445 871 568 921 domi,
594 879 751 926 premat
772 881 887 911 extra
910 870 1031 911 limen
1055 869 1252 926 iniquus?

51 930 146 973 Non
170 946 249 988 ego
271 939 449 972 ventosae
470 929 602 986 plebis
622 927 814 984 suffragia
836 943 973 977 venor,

52 989 256 1045 lmpensis
276 1002 497 1036 coenarum,
521 995 563 1028 et
583 986 689 1028 tritae
711 1001 880 1026 munere
901 986 1048 1034 vestis;

51 1045 149 1088 Non
172 1061 263 1102 ego,
287 1044 483 1086 nobilium
505 1044 746 1099 scriptorum
768 1043 928 1084 auditor
950 1054 990 1085 et
1014 1043 1131 1092 ultor,

53 1103 352 1146 Grammaticas
372 1102 527 1144 ambire
549 1102 679 1143 tribus
701 1109 743 1141 et
764 1100 923 1156 pulpita
943 1101 1113 1156 dignor:
1254 1102 1310 1140 40

55 1161 168 1203 Hinc
187 1161 268 1203 illae
290 1160 477 1202 lacrimae.
541 1159 690 1215 Spissis
712 1158 881 1215 indigna
903 1158 1071 1200 theatris

57 1219 218 1275 Scripta
239 1218 366 1274 pudet
385 1217 570 1267 recitare,
593 1225 635 1258 et
655 1216 775 1272 nugis
796 1216 944 1257 addere
967 1216 1139 1272 pondus,

56 1276 100 1318 Si
122 1275 232 1325 dixi;
268 1275 410 1326 Rides,
431 1275 502 1325 ait,
526 1284 567 1316 et
587 1274 701 1315 Jovis
721 1274 886 1315 auribus
907 1274 984 1315 ista

57 1334 227 1376 Servas:
259 1333 350 1374 fidis
370 1332 479 1374 enim
502 1347 666 1373 manare
688 1332 848 1387 poetica
869 1332 991 1373 mella

55 1391 122 1433 Te
142 1391 288 1440 solum,
311 1390 385 1432 tibi
407 1389 587 1446 pulcher.
650 1390 716 1430 Ad
741 1390 825 1430 haec
845 1404 924 1444 ego
947 1389 1111 1430 naribus
1132 1388 1191 1431 uti
1257 1390 1312 1428 45

57 1449 272 1491 Formido:
306 1456 359 1498 et,
383 1447 574 1489 luctantis
593 1455 712 1488 acuto
734 1462 785 1487 ne
807 1461 919 1487 secer
942 1447 1083 1502 ungui,

57 1506 266 1562 Displicet
284 1505 361 1547 iste
383 1505 507 1555 locus,
531 1504 674 1554 clamo,
697 1513 739 1545 et
758 1504 911 1545 diludia
934 1520 1068 1560 posco.

59 1563 202 1606 Ludus
223 1563 332 1605 enim
354 1563 501 1620 genuit
521 1562 726 1619 trepidum
748 1572 951 1603 certamen
976 1571 1017 1604 et
1038 1562 1151 1611 iram,

60 1621 126 1664 Ira
146 1631 281 1665 truces
300 1620 535 1663 inimicitias
556 1629 598 1662 et
617 1620 790 1661 funebre
813 1619 978 1660 bellum.

273 1896 490 1924 EPISTOLA
519 1896 714 1924 xx.—AD
745 1896 926 1924 LIBRUM
957 1897 1099 1925 SUUM.

62 1969 337 2014 Vertumnum
359 1972 607 2028 Janumque,
631 1972 746 2023 liber,
770 1969 952 2029 spectare
974 1974 1148 2022 videris3

30 2047 38 2087 ζ
66 2028 232 2072 Scilicet
253 2037 299 2071 ut
319 2039 476 2086 prostes
500 2030 706 2072 Sosiorum
729 2032 892 2087 pumice
914 2032 1101 2073 mundus.

30 2119 37 2146 ,⁴
65 2085 203 2129 Odisti
225 2087 371 2136 claves,
395 2095 438 2129 et
457 2096 573 2144 grata
591 2087 726 2143 sigilla
746 2089 917 2144 pudico:

35 2192 38 2194 v
67 2142 215 2186 Paucis
236 2145 395 2187 ostendi
416 2145 561 2202 gemis,
585 2153 627 2186 et
646 2146 880 2187 communia
900 2146 1050 2188 laudas.

29 2239 33 2245 Α
69 2199 164 2242 Νοῃ
186 2202 242 2244 ita
262 2202 451 2244 nutritus.
499 2202 631 2259 Fuge,
655 2218 736 2258 quo
757 2203 1004 2245 descendere
1026 2204 1178 2260 gestis:
1297 2208 1323 2246 5

30 2263 31 2266 ’
63 2257 165 2317 ιἶΝοῐι
188 2261 267 2301 erit
288 2260 434 2302 emisso
454 2259 609 2301 reditus
630 2259 716 2301 tibi.
778 2260 892 2310 Quid
916 2262 1037 2303 miser
1058 2261 1157 2318 egi?

71 2314 185 2365 Quid
206 2316 347 2359 volui?
378 2317 502 2368 dices,
526 2317 595 2359 ubi
618 2317 709 2373 quis
730 2326 770 2359 te
793 2318 962 2366 laeserit3
995 2328 1036 2360 et
1056 2319 1146 2369 scis,

73 2371 122 2415 In
145 2373 268 2416 breve
290 2383 330 2417 te
352 2375 460 2433 cogi,
484 2390 611 2431 quum
633 2374 779 2431 plenus
800 2375 971 2433 languet
990 2386 1157 2419 amator.

666 2446 691 2473 E
713 2435 739 2473 5
