1390 2586
28 109 99 137 m.
115 106 153 135 u.
167 99 215 143 5.]
474 97 857 130 Isi-nnmerum.
1215 97 1296 141 169

30 203 158 241 indolis,
178 206 214 234 ut
231 211 303 232 mox
319 210 348 232 v.
366 199 438 237 161,
465 205 496 230 et
511 201 595 240 apud
617 199 756 230 Persium
772 200 802 237 5,
818 198 870 237 79,
897 200 955 230 ‘an
980 199 1161 230 abandoned
1184 200 1296 231 slavish

31 247 118 281 σοιν

74 289 210 323 ω-(ὶδ.
234 284 321 330 [hoc]
357 287 366 303 ‘
382 286 574 326 paupertatis
603 285 856 317 incommodum!
871 302 916 307 —
933 283 1098 326 [tolerare]
1134 284 1290 327 παρῳδία

34 333 208 369 Homerica,
224 331 335 370 odyss.
350 331 388 361 Υ.
408 330 458 366 18,
479 327 626 361 Τέτλαθι
646 328 688 368 δὴ
704 327 833 370 κραδίη·
850 328 903 360 καὶ
927 326 1088 370 κύντερον
1107 328 1194 360 ἄλλο
1218 328 1293 360 ποτ’

31 375 142 416 ἔτλης·
167 385 228 415 quo
252 372 340 414 quasi
366 374 531 413 proverbio
557 374 589 403 in
617 374 729 404 scholis
757 371 1120 413 utebantur.—[ruam]
1145 375 1297 413 ‘propere

30 421 110 453 mihi
123 418 248 460 parem)
294 417 378 456 Virg.
397 418 470 447 AEn.
489 417 538 454 ll,
554 417 627 454 211,
650 421 681 448 et
702 414 827 456 confusa
847 417 976 446 ruebant
994 416 1151 454 (celeriter
1168 417 1295 456 collige-

31 462 121 504 bam)
149 463 225 494 Ossa
241 458 692 501 focis.—[praeroso—hamo]
719 461 852 490 Lucian.
875 460 914 488 D.
935 460 977 488 Μ.
1002 459 1032 495 6,
1057 460 1086 495 4,
1114 460 1295 499 heredipeta

31 507 72 541 dc
81 516 173 538 sene:
195 501 358 536 τοσοῦτόν
371 514 427 545 μοι
443 500 559 545 δέλεαρ
575 502 762 540 καταπιών,
775 500 942 544 ἐφεστήκει
956 500 1160 545 θαπτομένῳ
1177 503 1296 546 πρώην

33 548 90 584 δτι
113 549 208 581 ελῶν.

35 622 38 626 ,
74 560 213 630 ᾖ-ΒΊ.
238 590 281 632 [si
295 602 344 622 res
361 589 546 631 certabitur]
572 591 634 621 Cfr.
653 591 715 620 Sat.
733 591 763 626 2,
782 590 810 626 1,
828 590 877 621 49.
919 589 985 620 Liv.
1003 590 1054 627 25,
1072 590 1102 626 3,
1116 592 1218 621 multae
1233 601 1298 622 cer-

31 637 132 670 tandae
161 632 404 675 diam—[olim]
438 635 616 673 aliquando,
645 640 729 664 certo
759 632 1296 675 tempore.—[Vivet—improbus]

32 679 180 713 Refertur
195 679 366 718 praesertim
391 678 430 708 ad
453 678 555 708 litium
579 678 765 717 injustarum
783 676 1073 716 calumniarumque
1095 678 1298 708 studium.—

95 721 145 764 ια]
169 723 306 757 adverb„
323 721 434 751 ultima
461 721 556 751 brevi.
591 721 655 751 Cfr.
675 721 795 751 Colum.
817 722 847 757 5,
869 721 901 755 2,
917 720 947 755 3,
975 721 1029 750 Sin
1056 725 1200 751 cuneatus
1222 732 1298 762 ager

26 720 139 808 mit,
163 770 208 803 ut,
227 770 317 806 puta,
341 766 445 804 longas
463 765 555 804 pedes
576 769 702 800 centum,
718 764 781 802 ἄτη,
800 764 853 793 ubi
879 764 984 802 paullo
1008 770 1081 794 ante
1102 771 1149 794 est
1170 766 1298 805 exempli

32 812 136 842 eausa.
182 809 220 840 ln
247 809 337 848 prosa
361 813 438 838 orat.
468 808 602 847 primum
629 808 752 847 repperi
776 807 860 846 apud
882 807 1008 837 Celsum
1034 807 1165 838 Prooem.
1191 809 1244 838 lib.
1269 808 1298 846 l,

34 848 377 893 &e.-·[praenorm‘ne]
403 852 583 881 Praenomen
605 851 664 880 civi
688 851 786 881 libero
809 850 970 890 proprium
993 856 1024 880 et
1046 850 1128 880 inter
1152 858 1299 891 cognatos

33 896 264 935 familiaresque
293 893 652 934 usitatum—[molles]
686 895 773 934 ‘quae
801 893 959 924 blanditiis
986 895 1170 933 permulceri
1193 901 1299 926 amant

35 946 77 977 et,
92 940 119 971 si
135 949 197 970 non
212 939 453 979 permulcentur,
470 937 692 968 offenduntur.¹
705 954 749 960 —
763 937 838 978 [Jus
853 935 976 976 anceps]
1003 938 1011 952 ⁴
1023 938 1207 977 plerumque
1223 949 1298 969 con-

35 983 282 1015 troversum.’—
295 979 451 1022 [Eripiet]
478 982 603 1011 Terent.
628 982 751 1011 Phorm.
775 981 805 1018 7,
823 979 877 1020 (al.
895 979 941 1020 8,)
957 980 1011 1019 96,
1031 981 1087 1012 Vel
1107 983 1224 1012 oculum
1244 993 1299 1014 ετ-

36 1028 161 1067 οωὶρσ,·
189 1030 235 1057 est
259 1026 311 1056 uba·
334 1035 384 1056 vos
407 1026 538 1056 ulciscar
559 1022 835 1065 proba—[cassa
858 1022 948 1064 nuce]
975 1026 1026 1054 ‘re
1053 1025 1100 1054 vel
1127 1025 1300 1056 vilissima.¹

37 1070 88 1102 ste
104 1069 175 1101 Itali
191 1074 342 1109 usurpant
349 1071 420 1108 fico.
466 1069 513 1098 lta
534 1074 639 1098 autem
655 1070 807 1098 vocabant
829 1078 920 1098 nuces
940 1069 1054 1104 inanes,
1079 1070 1144 1099 stne
1167 1070 1300 1100 medulla

34 1118 180 1150 ventosas,
201 1118 236 1142 ut
260 1113 304 1143 ait
327 1113 451 1143 Petron.
474 1110 622 1153 137.—[
628 1109 795 1152 pauperet]
821 1111 963 1151 ‘spoliet,
988 1111 1298 1155 privet.'—[jocus]

34 1157 124 1188 ’aliis
139 1155 296 1187 ludibrio.'

78 1200 131 1231 38.
155 1198 349 1240 [Peniculum
364 1196 487 1238 curare]
508 1199 658 1238 ‘corporis
681 1198 729 1228 sui
745 1198 860 1228 habere
875 1198 1003 1228 curam)
1029 1196 1206 1239 Aen—[st
1229 1209 1300 1240 cog-

35 1245 118 1275 nitor
136 1245 224 1283 ἔμω,-
248 1241 376 1282 Persea]
401 1243 451 1272 Sic
475 1243 780 1282 interpungendum:
806 1241 946 1271 ‘nemini
972 1241 1035 1278 alii,
1059 1246 1094 1271 ut
1117 1242 1174 1272 hoc
1199 1243 1300 1273 officio

37 1296 111 1327 erga
122 1286 267 1317 Publium
282 1286 440 1324 fungatur,
455 1286 634 1316 concedito!
682 1287 865 1326 Cognitor
880 1289 934 1322 est,
951 1287 1003 1324 qui
1018 1284 1154 1324 defendit
1169 1286 1300 1317 alterum

36 1332 70 1362 ὅτι
84 1329 215 1372 judicio,
235 1331 261 1360 si
279 1331 437 1369 paesentis
452 1340 572 1359 causam
587 1330 678 1365 novit,
702 1334 731 1359 et
746 1330 789 1358 sic
806 1333 910 1359 tuetur
925 1333 959 1358 ut
973 1339 1068 1358 snam.
1093 1329 1299 1360 Pseudascon.

37 1373 71 1405 iu
97 1374 161 1404 Cic.
186 1373 290 1404 Divin.
315 1373 331 1411 §
354 1372 403 1403 11.
450 1373 629 1412 Cognitor
653 1376 698 1402 est
724 1374 775 1412 qui
801 1373 880 1402 litem
906 1373 1032 1402 alterius
1052 1374 1179 1412 suscipit
1199 1383 1300 1404 coram

37 1428 82 1454 eo,
96 1419 146 1448 cui
161 1418 252 1448 datus
265 1420 319 1447 est.
351 1417 469 1447 Festus.
505 1417 672 1454 Postquam
686 1422 792 1445 autem
808 1416 839 1445 in
856 1416 956 1445 locum
973 1415 1129 1445 dominilit
1145 1416 1170 1446 is
1186 1417 1300 1446 substi-

37 1465 125 1491 tutus
139 1466 206 1490 erat
220 1460 374 1498 cognitor,
392 1459 444 1490 ille
467 1459 500 1489 in
519 1459 639 1499 judicio
661 1469 723 1489 non
742 1460 808 1498 jam
822 1468 1000 1498 comparere
1015 1469 1140 1489 necesse
1156 1459 1301 1491 habebat.

37 1503 102 1535 cfr.
119 1503 233 1535 Gaium
251 1503 281 1540 4,
296 1502 348 1539 97.

79 1547 217 1579 39—41.
241 1545 310 1587 [seu
334 1543 444 1586 rubra]
476 1546 647 1576 salsissime
674 1545 724 1575 hic
748 1545 856 1575 irridet
879 1545 1003 1584 triplici,
1030 1550 1064 1575 ut
1088 1544 1166 1575 mihi
1189 1547 1299 1577 saltem

38 1590 173 1626 videtur,
202 1586 356 1632 παρῳδίςι
385 1589 428 1620 Μ.
461 1589 590 1620 Furium
622 1590 815 1625 fflbaculum,
847 1598 941 1628 quem
971 1590 1126 1629 turgidum
1156 1591 1302 1630 Alpinum

38 1635 175 1674 appellat
190 1635 253 1665 Sat.
271 1634 298 1670 1,
316 1633 366 1669 10,
382 1632 436 1663 36.
465 1633 496 1663 ls
512 1633 617 1671 igitur,
630 1639 665 1663 ut
679 1633 724 1663 ait
738 1633 856 1663 Comm.
871 1633 966 1671 Cruq.
991 1633 1197 1671 Pragmatiam
1211 1631 1299 1674 (nar-

39 1676 209 1717 rationem)
232 1677 304 1707 belli
321 1676 433 1707 Gallici
454 1676 487 1716 (a
502 1677 587 1707 Julio
610 1677 731 1707 Caesare
756 1674 851 1716 gesti)
875 1676 932 1706 hoc
948 1686 1039 1706 versu
1061 1686 1189 1706 exorsus
1212 1685 1299 1709 erat:

41 1721 184 1760 Iuppiter
209 1721 350 1751 hibernas
373 1721 450 1750 cand
475 1721 541 1751 nive
566 1721 703 1760 conspuit
726 1721 830 1759 Alpes.
875 1720 946 1749 Jam
968 1720 1037 1749 Jovi
1064 1719 1172 1750 festive
1196 1720 1302 1751 irrisor

40 1764 200 1795 substituit
216 1762 346 1794 Furium
366 1763 490 1802 ipsum3
514 1769 577 1793 tota
591 1763 792 1803 reprehensio
812 1768 916 1793 autem
938 1763 1020 1793 cadit
1039 1763 1071 1792 in
1096 1773 1190 1793 unam
1215 1765 1302 1794 illam

40 1808 149 1838 duram
163 1811 192 1838 et
207 1818 226 1838 a
241 1808 404 1847 longinqua
418 1807 615 1837 similitudine
631 1808 763 1842 ductam,
779 1812 813 1836 ut
828 1806 871 1836 ait
888 1806 1037 1839 Quinctil.
1054 1807 1083 1842 8,
1094 1807 1124 1842 6,
1140 1807 1189 1843 17,
1206 1808 1301 1838 immo

40 1850 183 1890 putidam
198 1850 410 1890 metaphoram
425 1851 581 1890 conspuit:
605 1860 676 1880 nam
698 1861 789 1880 canas
808 1851 937 1890 pruinas
957 1850 1023 1889 ipse
1040 1850 1129 1887 dixit,
1147 1851 1206 1881 Od.
1226 1851 1252 1887 l,
1270 1851 1301 1887 4,

41 1893 73 1930 4,
88 1900 119 1924 et
133 1895 275 1924 hibernas
289 1894 394 1932 Alpes,
415 1893 512 1923 Tacit.
532 1894 612 1924 Hist.
630 1893 658 1928 l,
674 1893 726 1929 70.
765 1894 810 1923 De
828 1894 884 1923 hoc
900 1893 994 1932 igitur
1010 1899 1150 1924 constat:
1168 1895 1235 1933 jam
1253 1895 1301 1925 vel

40 1936 118 1977 ipsae
131 1937 291 1976 particulae
305 1947 454 1967 seu-seu
469 1936 543 1966 satis
563 1938 778 1966 demonstrant
794 1937 881 1966 Furii
904 1936 998 1966 fuisse
1022 1937 1115 1967 etiam
1138 1937 1191 1966 illa
1211 1948 1300 1977 aeque

17 1995 26 2002 ⁴>
41 1979 149 2020 inepta
163 1982 258 2011 rubra
272 1981 410 2010 canicula
417 1980 511 2019 findit
527 1978 664 2020 Infantes
679 1985 806 2010 statuas.
851 1980 1004 2010 Praeterea
1025 1990 1175 2019 perquam
1192 1980 1301 2011 incon-

14 2023 134 2055 ·:einne
153 2023 274 2054 Horatii
298 2022 395 2062 ipsius
410 2023 538 2061 imagini
554 2023 606 2062 (ut
625 2023 766 2063 plerique
787 2024 992 2063 arbitrantur)
1008 2025 1114 2059 rubra,
1132 2024 1186 2053 ὅτε.
1202 2034 1299 2063 oppo-

14 2073 170 2108 jsneretur
193 2063 347 2107 παρῳόία
371 2066 526 2096 Furiana:
550 2067 663 2097 Furius
686 2071 826 2107 conspuet
850 2068 952 2106 Alpes.
998 2067 1094 2097 Ridet
1117 2066 1213 2103 igitur
1238 2068 1302 2098 duo

19 2108 98 2141 wma
111 2111 191 2140 mira
213 2108 354 2142 ἐπίθετα
373 2110 468 2140 rubra
491 2119 547 2149 pro
564 2109 698 2150 fervens,
720 2112 820 2150 ignea,
837 2112 977 2150 flagrans
994 2109 1068 2150 (Od.
1087 2110 1116 2147 3,
1137 2109 1183 2146 13,
1201 2107 1248 2152 9,)
1270 2117 1302 2141 et

20 2158 161 2186 vmtuas
184 2152 317 2193 infantes
335 2153 443 2189 dictas,
469 2163 530 2192 quo
547 2154 659 2183 Furius
679 2154 853 2192 exprimere
867 2154 1006 2183 voluerat
1026 2153 1166 2183 omnium
1187 2159 1303 2185 statua-

27 2194 116 2227 smm
130 2195 306 2236 ποιότητα,
321 2202 362 2233 et,
379 2206 475 2235 quum
497 2196 530 2225 in
552 2196 715 2236 proverbio
736 2203 816 2227 esset
838 2198 942 2227 statuti
963 2198 1143 2226 taciturnior
1159 2195 1255 2237 (Epp.
1271 2199 1302 2235 2,

33 2238 79 2276 ’8.
92 2239 160 2280 83,)
177 2241 307 2270 mirifice
323 2250 355 2270 se
371 2240 456 2278 loqui
479 2240 623 2279 opinatus
637 2246 712 2276 erat,
737 2240 789 2270 ubi
805 2238 949 2280 infanteS,
967 2237 1172 2280 ἀγλώττους,
1199 2247 1302 2271 mutas

30 2281 115 2315 ‘flu
136 2284 377 2314 denominasset.
421 2284 573 2313 Cumulus
595 2288 699 2313 autem
719 2284 843 2313 accedet
858 2283 1004 2322 parodiae,
1028 2284 1081 2314 ubi
1102 2285 1303 2315 statuerimus

30 2325 141 2358 *tunm
155 2328 282 2358 tertium
297 2327 376 2358 illud
386 2327 497 2367 pingui
513 2331 613 2358 tentus
627 2337 724 2357 omaso
741 2327 826 2357 Furii
842 2326 945 2357 fuisse.
