1390 2586
149 123 204 161 68
471 135 783 163 EplsToLARUM
814 135 900 164 ΜΒ.
923 137 954 165 1.
979 126 1040 165 10.

151 231 227 272 Est
247 232 315 273 ubi
336 233 510 288 depellat
529 249 687 275 somnos
708 234 839 275 minus
858 234 992 276 invida
1011 234 1137 277 cura?

150 287 344 330 Deterius
370 289 532 344 Libycis
553 290 635 331 olet
653 298 723 331 aut
742 290 845 332 nitet
863 290 985 332 herba
1004 291 1149 347 lapillis
1161 290 1182 333 P

152 343 297 385 Purior
316 345 356 384 in
378 345 475 386 vicis
495 361 600 400 aqua
621 346 750 387 tendit
769 361 953 402 rumpere
974 347 1197 402 plumbum,
1315 350 1368 390 20

153 399 287 447 Quam
303 416 392 455 quae
414 416 484 456 per
504 417 674 456 pronum
693 402 866 457 trepidat
885 417 974 443 cum
995 418 1197 444 murmure
1216 402 1375 445 rivum?

152 454 313 509 Nempe
334 457 438 498 iuter
459 458 585 498 varias
606 458 779 499 nutritur
798 458 897 499 silva
916 458 1130 508 columnas,
1376 459 1387 474 ⁵

152 510 439 567 Laudaturque
461 513 613 562 domus,
637 514 778 570 longos
799 529 889 569 quae
909 515 1099 570 prospicit
1117 529 1246 570 agros.

152 566 349 608 Naturam
370 569 548 624 expellas
568 569 692 619 furca,
715 578 848 611 tamen
870 585 996 625 usque
1016 578 1206 620 recurret,

153 621 210 663 Et
229 624 332 664 mala
351 632 584 679 perrumpet
602 626 738 667 furtim
760 626 918 667 fastidia
936 626 1092 668 victrix.
1318 629 1373 668 25

155 677 262 728 Non,
285 680 355 734 qui
378 680 544 721 Sidonio
565 681 809 722 contendere
831 681 996 723 callidus
1015 690 1121 724 ostro

155 733 297 776 Nescit
317 736 563 790 Aquinatem
584 738 763 792 potantia
782 738 930 779 vellera
949 738 1098 787 fucum,

156 790 316 831 Certius
335 792 505 847 accipiet
526 793 727 842 damnum,
749 794 962 848 propiusve
983 793 1180 843 medullis,

156 846 288 893 Quam
310 847 380 902 qui
401 863 480 888 non
502 849 649 904 poterit
668 864 762 890 vero
782 849 1028 906 distinguere
1048 850 1204 891 falsum.

157 902 292 950 Quem
313 919 375 944 res
397 904 485 958 plus
506 905 630 946 nimio
650 906 899 947 delectavere
920 906 1120 958 secundae,
1322 909 1375 947 30

157 958 331 1000 Mutatae
351 960 545 1014 quatient.
607 961 650 1002 Si
671 962 767 1016 quid
787 961 997 1012 mirabere,
1020 976 1145 1017 pones

156 1014 326 1056 Invitus.
372 1015 487 1072 Fuge
508 1031 678 1072 magna:
710 1017 805 1058 licet
823 1017 897 1058 sub
918 1032 1094 1075 paupere
1115 1024 1222 1059 tecto

158 1070 296 1125 Reges
317 1079 358 1113 et
377 1087 519 1127 regum
540 1073 620 1114 vita
643 1088 885 1127 praecurrere
905 1074 1064 1115 amicos.

159 1125 313 1167 Cervus
334 1142 483 1182 equum
503 1128 642 1184 pugna
663 1129 803 1170 melior
823 1129 1100 1171 communibus
1120 1129 1254 1171 herbis

158 1181 356 1232 Pellebat,
378 1184 506 1225 donec
526 1186 654 1225 minor
674 1185 716 1225 in
737 1185 954 1226 certamine
975 1185 1096 1241 longo
1323 1186 1378 1226 35

158 1237 394 1292 Imploravit
413 1255 509 1295 opes
529 1240 714 1289 hominis,
734 1241 973 1296 frenumque
994 1240 1168 1296 recepit:
1379 1246 1382 1247 ⁷

161 1294 241 1335 Sed
262 1303 472 1350 postquam
494 1296 619 1338 victor
638 1297 792 1338 violens
812 1297 992 1338 discessit
1011 1297 1062 1338 ab
1082 1297 1208 1347 hoste,

159 1350 254 1390 Non
276 1353 454 1406 equitem
475 1353 602 1402 dorso,
624 1368 705 1393 non
726 1353 883 1394 frenum
903 1352 1059 1408 depulit
1078 1367 1159 1394 ore.

162 1406 242 1454 Sic,
264 1408 333 1461 qui
354 1409 587 1463 pauperiem
607 1409 758 1450 veritus
778 1409 931 1464 potiore
952 1408 1121 1450 metallis

161 1461 369 1504 Libertate
390 1472 510 1514 caret,
533 1464 738 1505 dominum
759 1465 870 1506 vehit
889 1465 1106 1519 improbus,
1128 1472 1250 1519 atque
1325 1467 1378 1508 40

165 1518 322 1560 Serviet
341 1528 547 1569 aeternum,
571 1521 665 1575 quia
684 1535 805 1575 parvo
825 1521 976 1561 nesciet
996 1521 1066 1562 uti.

164 1573 243 1614 Cui
262 1590 341 1615 non
365 1577 578 1617 conveniet
596 1591 668 1617 sua
686 1591 761 1626 res,
783 1583 829 1617 ut
848 1576 1003 1616 calceus
1023 1576 1131 1625 olim,

165 1629 209 1670 Si
229 1631 331 1685 pede
352 1633 478 1687 major
497 1632 585 1681 erit,
607 1633 835 1680 subvertet3
866 1632 898 1673 si
919 1632 1060 1681 minor,
1083 1639 1183 1673 uret.

163 1685 302 1727 Laetus
322 1696 427 1728 sorte
449 1689 515 1729 tufi
537 1689 648 1729 vives
668 1688 882 1742 sapienter,
907 1687 1058 1729 Aristi:

163 1741 254 1782 Nec
273 1757 337 1783 me
358 1743 532 1785 dimittes
551 1744 846 1798 incastigatum,
869 1743 938 1784 ubi
958 1744 1073 1799 plura
1329 1744 1382 1785 45

167 1797 326 1853 Cogere
347 1814 465 1853 quam
486 1800 580 1841 satis
600 1808 672 1849 est,
693 1814 739 1841 ac
759 1814 839 1840 non
861 1814 1013 1840 cessare
1034 1799 1211 1841 videbor.
1276 1820 1282 1826 ·

165 1853 343 1908 Imperat
361 1863 431 1896 aut
450 1856 572 1897 servit
592 1856 757 1896 collecta
776 1855 948 1911 pecunia
967 1855 1126 1910 cuique,

166 1909 339 1950 Tortum
355 1911 481 1965 digna
500 1911 614 1966 sequi
635 1913 766 1967 potius
787 1926 906 1966 quam
927 1911 1072 1952 ducere
1093 1911 1245 1952 funem.

168 1965 271 2007 Haec
292 1966 363 2007 tibi
383 1967 580 2010 dictabam
602 1976 692 2023 post
710 1968 846 2009 fanum
868 1975 983 2022 putre
1000 1967 1191 2016 Vacunae,

168 2021 364 2078 Excepto,
387 2024 493 2079 quod
514 2039 593 2065 non
614 2023 732 2065 simul
753 2038 871 2074 esses,
895 2031 1028 2065 cetera
1047 2023 1171 2065 laetus.
1333 2025 1390 2064 50«
