1390 2586
117 94 202 136 266
548 94 914 125 ιΝΤΕΒΡηΕΤΑτιο.

124 194 252 228 variant,
276 193 319 221 ita
342 192 406 230 ipse
428 201 548 230 quoque
573 192 608 221 fit
621 192 668 222 vel
689 193 840 222 laetusvel
861 197 992 230 maestus,
1006 193 1055 223 vel
1077 194 1161 225 albus
1176 193 1280 236 (felix)
1294 196 1343 227 ve}

124 241 190 267 ater
206 235 408 271 (aerumnosus
423 240 454 263 et
466 234 607 272 infelix-Y
1354 239 1355 242 ’

171 277 343 308 189-196.
369 274 482 315 [Utar]
506 278 513 292 ‘
529 277 636 306 Libere
650 277 732 306 fruar
746 277 871 306 modicis
886 277 960 307 meis
975 277 1177 318 facultatibus,
1197 285 1342 318 quantum

127 330 249 350 necesse
265 325 309 348 est
324 328 360 347 ex
377 318 413 347 iis
427 320 598 354 absumens,
619 329 678 348 non
696 325 728 348 ut
748 329 815 348 mea
830 320 1001 357 disperdam
1016 329 1025 356 ς
1044 331 1114 351 uem
1135 322 1217 351 enim
1236 322 1350 353 rationi-

128 368 349 392 consentaneus
365 366 419 395 est,
442 370 502 390 non
517 362 634 396 abusus,
650 361 681 390 id
696 366 750 396 est,
767 362 903 390 omnium
917 363 1176 401 consumptio.’-
1189 360 1362 404 [epar-gua}v

129 415 158 434 v.
182 403 302 434 rarioris
325 413 397 432 usus
423 412 477 440 pro
499 402 653 441 ‘dissipes‚
676 403 827 441 prodigas,
851 402 1347 446 dilapides.’-[Quinquatribuae]

130 448 239 477 Festus
256 446 343 475 Lind.
360 455 388 483 p.
406 445 477 479 218,
505 446 750 484 Quinquatrus
772 447 918 484 appellari
937 447 1054 485 quidam
1072 452 1181 486 putant
1198 458 1218 478 a
1231 457 1348 479 numm
1381 462 1386 467 ·

130 491 253 523 dierum,
264 490 314 527 qui
320 486 411 525 feriis
424 488 610 517 celebrantur
619 499 630 521 ,·
645 489 695 526 qui
706 489 817 518 scilicet
831 486 1096 527 errarem—forma
1108 495 1205 520 aulem
1217 490 1349 522 vocabuli

129 531 194 571 ejus
205 531 333 568 exemplo
344 531 498 559 multorum
510 530 680 568 populorum
693 530 863 559 Italicorum
876 533 1029 560 enuntiata
1043 535 1096 567 ert,
1107 533 1183 570 quod
1192 537 1259 571 post
1272 533 1348 563 dion

130 576 264 613 quintum
286 573 392 602 Iduum
419 572 624 610 (Martiarum,
649 573 678 601 d.
692 572 730 602 19
745 582 783 601 m.
803 572 920 610 Martii)
935 577 979 602 eat
998 575 1024 603 is
1038 574 1101 603 dies
1110 571 1210 612 festus
1223 578 1257 604 ut
1270 575 1351 613 apua

133 617 312 646 Tusculanos
330 615 467 643 Triatrus
490 619 519 643 et
540 615 680 644 Sexatrus
702 619 731 644 et
746 615 944 653 Septematrus
964 619 993 645 et
1007 616 1139 645 Faliscos
1155 617 1349 647 Deeimatrm·

130 674 174 680 —
187 655 287 696 [olim]
309 662 342 685 ut
357 657 434 694 Epp.
453 656 480 691 1,
498 656 526 690 3,
545 657 590 686 18.
630 659 637 672 ⁸
652 657 693 686 Ut
708 657 806 686 solent
827 657 914 695 pueri
937 666 1041 687 omnes
1061 664 1116 696 per
1134 658 1270 697 quinque
1283 658 1350 689 illos

131 701 206 732 dies.
222 700 331 737 quibus
347 698 408 727 ludi
425 698 562 727 litterarii
578 699 669 728 clausi
685 699 774 727 sunt.’

176 741 349 772 198—201.
375 739 571 779 [pauperies]
596 741 680 770 Nihil
696 741 832 779 impedit,
856 751 916 779 quo
938 741 1039 771 minus
1058 742 1227 780 pauperies,
1244 740 1352 781 (probe

133 785 349 823 distinguenda
364 785 402 812 ab
414 788 557 820 egestate,
571 783 683 821 inopia,
696 782 904 822 mendicitate)
918 784 1031 813 munda
1046 784 1101 818 sit3
1119 784 1258 822 quocirca
1269 784 1353 814 addit

133 827 291 861 immunda,
307 826 446 854 ‘sordida
468 831 498 854 et
518 831 677 863 propterea
699 826 824 854 molesta
850 831 879 854 et
903 825 978 854 mihi
1002 831 1033 855 et
1056 826 1134 860 aliis,
1157 826 1210 864 qui
1233 834 1353 856 mecum

135 868 313 898 versantur!
323 884 364 888 —
376 865 460 906 [Non
474 866 606 907 agimur]
632 868 747 897 Eadem
766 868 947 897 constructio
963 869 1043 906 Epp.
1062 868 1089 902 l,
1105 867 1136 903 6,
1151 868 1201 899 31.
1211 866 1352 908 -Ῐρεαμ

137 916 194 942 tem
209 910 356 946 ducimus]
382 910 450 938 Non
467 915 512 938 est
533 909 644 939 ‘vitam
659 909 814 947 regimus,’
830 910 883 938 sed
906 916 940 939 ut
964 911 1060 948 Epod.
1086 910 1134 946 17,
1157 910 1208 947 63,
1229 911 1356 950 Ingrata

134 955 239 984 misero
254 955 315 982 vita
330 953 463 982 ducenda
477 956 530 987 est,
546 954 553 967 ‘
566 958 658 981 totam
674 952 765 981 vitam
781 952 862 981 lente
876 961 911 982 ac
925 958 1028 982 maeste
1042 951 1182 989 agimus-⁹

135 998 138 1001 ’
178 995 355 1025 204-208.
380 992 460 1033 [abi]
485 994 541 1023 Est
556 994 702 1023 sermonis
717 994 895 1032 quotidiani.
938 994 1037 1023 Plauti
1059 994 1197 1024 Trinum.
1213 995 1243 1030 4,
1262 994 1290 1030 l,
1306 994 1356 1034 11,

137 1039 219 1068 Abi:
243 1038 331 1066 laudo
339 1048 350 1070 ;
372 1039 430 1066 scis
444 1037 555 1072 ordine,
569 1041 603 1066 ut
616 1040 763 1074 aequomst,
781 1040 910 1066 tractare
925 1038 1060 1066 homines.
1098 1037 1155 1066 Est
1168 1036 1261 1074 igitur
1275 1037 1366 1066 idem*

136 1090 230 1120 prope
246 1085 335 1117 atque
351 1080 359 1094 ⁴
370 1088 456 1116 euge,
468 1084 563 1108 macte
575 1078 706 1113 virtute,’
723 1079 731 1094 ‘
740 1076 834 1116 sofar
841 1080 918 1117 good
926 1079 947 1108 .·’
965 1080 973 1095 ‘
984 1080 1075 1108 that’s
1085 1077 1368 1118 wezl.’-[nrroroe;

139 1119 283 1161 magicos]
313 1121 445 1150 maxime
474 1121 503 1150 in
534 1118 805 1161 νεκρομαντείαις,
831 1121 940 1158 quibus
965 1121 1142 1158 indulgebat
1167 1121 1215 1150 vel
1241 1119 1358 1159 Appius

139 1165 285 1194 Claudius
303 1163 439 1198 Pulcher,
455 1163 607 1192 Ciceronis
622 1163 655 1191 in
670 1169 818 1200 auguratu
832 1163 954 1200 collega.
966 1179 1008 1184 —
1021 1161 1204 1202 [Nocturnas
1218 1160 1356 1203 lemures]

139 1207 225 1237 Plato
252 1206 373 1240 Phaedo,
390 1215 417 1243 p.
440 1205 490 1240 81,
515 1205 551 1234 D.
575 1202 693 1244 ψυχῶν
715 1202 852 1241 σκιοειόῆ
878 1202 1106 1245 φαντάσματα.
1151 1206 1228 1234 Sunt
1249 1205 1359 1235 anima

139 1254 333 1279 mortuorum·
344 1253 465 1285 propter
478 1247 659 1276 desiderium
675 1247 797 1284 aliquod
813 1247 843 1275 in
857 1248 943 1284 terris
959 1247 1040 1276 haud
1055 1248 1208 1284 expletum
1222 1248 1262 1277 ad
1276 1247 1359 1276 vivon

139 1292 302 1321 redeuntes
317 1299 429 1327 eosque
444 1294 534 1318 noctu
550 1294 756 1318 terrentes.—
767 1287 943 1328 [Thessala]
971 1290 1125 1318 Thessalia
1139 1295 1261 1327 propter
1274 1298 1360 1328 saga·

140 1334 310 1370 harumque
327 1331 493 1369 praestigias
508 1331 628 1360 infamis
641 1337 715 1360 erat.
759 1331 816 1360 0d.
836 1331 862 1366 l,
878 1332 928 1367 27,
944 1331 996 1361 21.
1020 1332 1116 1370 Epod.
1131 1332 1161 1366 5,
1177 1331 1227 1361 45.

184 1374 361 1405 209-215.
385 1371 544 1412 [Natales]
567 1375 574 1388 ‘
588 1374 678 1405 Quod
702 1383 762 1402 non
786 1373 899 1402 faciunt
924 1373 1052 1402 nimium
1077 1373 1174 1402 timidi
1198 1372 1362 1404 senectutis

139 1424 170 1447 et
185 1417 299 1452 mortis,
324 1417 395 1454 quia
417 1425 454 1445 ex
480 1413 629 1444 natalibus
655 1415 757 1444 multis
786 1421 912 1444 mortem
927 1417 991 1454 jam
1011 1415 1210 1454 propinquam
1235 1416 1360 1454 perhor-

139 1460 282 1491 rescunt.’
307 1459 368 1488 Cfr.
387 1459 465 1497 Epp.
482 1458 508 1494 1,
521 1459 550 1493 4,
565 1458 612 1487 14.
624 1473 664 1479 -
677 1455 802 1496 [spinis]
819 1458 1043 1487 Sollicitudines
1057 1467 1148 1487 vanas
1163 1463 1254 1496 atque
1268 1457 1362 1488 animi

140 1501 384 1541 perturbationes
399 1510 467 1530 cum
482 1500 576 1538 spinis
591 1506 753 1538 comparat.
764 1515 805 1521 --
817 1497 937 1538 [decede
952 1500 1074 1539 peritis]
1099 1501 1108 1516 ‘
1118 1500 1269 1532 Quoniam
1283 1504 1364 1529 recte

141 1545 243 1574 vivere
268 1544 374 1577 nescis,
404 1543 455 1580 qui
480 1542 562 1572 vivas
588 1542 712 1571 omnino
737 1542 879 1577 indignus
905 1552 955 1577 es;
979 1542 1118 1580 quocirca
1146 1542 1303 1571 moriendo
1325 1542 1364 1570 dn

141 1588 241 1617 locum
256 1586 497 1624 sapientioribus,
510 1585 618 1623 quibus
634 1584 686 1613 tua
701 1584 846 1622 pravitate
861 1594 895 1613 ac
909 1583 1026 1614 desidia
1035 1585 1205 1614 obstasss—
1216 1581 1363 1624 [Lusisti]

144 1629 250 1659 Livius
266 1627 458 1657 Andronicus
473 1627 554 1665 apud
571 1627 695 1655 Festum
711 1627 742 1655 in
758 1636 785 1656 v.
799 1624 951 1665 Asfatim
963 1637 973 1656 .·
999 1626 1124 1664 Affatim
1139 1627 1197 1662 edi,
1212 1628 1281 1661 bibi,
1297 1626 1364 1656 lusi.

143 1687 186 1694 -—
199 1669 343 1710 [Tempus
357 1668 454 1707 abire]
477 1670 486 1685 ‘
501 1669 577 1698 Tota
592 1675 644 1698 tua
658 1668 720 1697 vita
734 1678 828 1707 quum
852 1669 930 1698 lusui
951 1678 985 1698 ac
1003 1669 1132 1698 luxuriae
1146 1668 1249 1698 dedita
1262 1668 1364 1705 fuerit,

145 1714 228 1743 omni
253 1713 360 1741 merito
381 1711 523 1749 omnique
547 1712 636 1740 laude
658 1716 749 1741 caret.
793 1711 884 1749 Ergo,
908 1717 941 1740 ut
964 1721 1055 1748 quam
1077 1711 1208 1749 primum
1233 1710 1365 1746 finiatur,

145 1756 310 1794 optandum
327 1760 380 1790 est,
404 1763 442 1782 ne
458 1763 528 1783 mox
542 1753 673 1782 ludibrio
689 1753 741 1782 fias
755 1753 928 1791 junioribus
943 1753 1040 1791 turpis
1054 1754 1167 1782 senex.'
1178 1768 1222 1774 -—
1233 1749 1364 1792 [pubet]

145 1803 181 1827 ut
201 1798 279 1826 solet
303 1797 368 1826 fleri
392 1797 422 1824 in
451 1793 807 1836 παροινίᾳ-[Ιαπ-ἰυα
834 1793 1000 1834 decentius]
1024 1796 1135 1834 ‘quam
1160 1795 1256 1833 magis
1280 1795 1367 1824 (lecet.

144 1840 281 1870 lascivire
297 1849 330 1869 ac
345 1839 448 1868 ludere
463 1847 554 1876 quam
568 1838 773 1868 senectutem)

1328 0 1383 76 3
