1390 2586
135 139 214 181 144.
560 141 929 174 ῙΝΤΕΒΡΒΕΤΑΤΙΟ.
1272 145 1362 187 [υτ.

130 243 237 272 volunt
251 252 315 272 esse
331 242 376 271 M.
393 239 551 279 Calpurnii
569 241 670 270 Bibuli
686 242 817 270 consulis
831 251 900 271 cum
916 243 1036 272 Caesare
1051 250 1082 272 A.
1093 250 1162 273 uc.
1177 244 1249 280 695,
1265 245 1363 276 filium
1376 270 1378 273 .

131 285 180 314 vel
203 285 289 314 filios.
335 285 370 313 Id
394 291 494 312 tamen
516 284 684 312 notandum
706 291 738 312 A.
750 292 781 312 υ.
793 292 819 314 c.
844 284 916 320 723,
939 290 998 314 tres
1020 291 1100 315 certe
1123 287 1187 324 ejus
1209 286 1286 317 filios
1307 297 1363 317 ex-

131 327 256 356 stinctos
273 326 537 356 fuisse—Servius
559 325 638 354 filius
661 325 785 355 sortasse
808 328 871 356 Ser.
899 327 1024 366 Sulpicii
1049 327 1120 357 Rufi
1143 328 1363 367 jurisconsulti,

132 369 272 398 tribunus
288 370 328 407 pl.
348 377 378 397 A.
390 377 419 397 υ.
432 376 459 396 e.
483 367 554 403 706,
578 369 630 405 qui
653 368 850 407 philosophiae
872 374 903 398 et
920 370 1034 399 artibus
1050 370 1224 400 liberalibus
1239 381 1362 410 operam

133 412 312 441 daban—C.
324 412 456 440 Furnius
471 412 491 425 “
504 410 697 439 historiarum
708 410 767 439 fide
782 416 812 440 et
827 411 977 449 elegantia
991 412 1129 442 claruit.”
1153 414 1258 443 Comm.
1271 414 1361 454 Grnq.

136 454 225 483 Teste
242 454 356 482 Seneca
369 454 406 482 de
423 453 526 481 Benef.
541 453 573 488 2,
589 453 638 488 25,
650 454 733 491 patri
748 455 934 483 Antonianas
944 458 1048 492 partes
1061 462 1159 485 secuto
1173 456 1255 494 apud
1270 456 1363 486 Octa-

133 496 257 525 vianum
272 498 386 525 veniam
401 496 578 533 impetravit.

175 538 225 573 88,
247 539 297 568 89.
323 536 491 576 [Prudens]
523 538 687 574 ‘consulto‚
711 547 772 567 non
795 547 850 576 per
872 537 1074 569 oblivionem!
1118 539 1214 569 Addit
1234 540 1300 577 hoc,
1323 549 1364 571 ne

133 580 201 619 quis
217 590 248 609 se
263 580 450 618 praeteritum
467 586 620 617 queratur.

175 622 227 658 91,
249 623 300 652 92.
325 620 580 661 [Discipularum]
617 622 787 651 Ridiculam
810 631 932 651 scenam
953 623 1055 652 lectori
1077 623 1174 660 offert,
1196 624 1364 663 pulchellon

132 665 200 694 illos
217 666 296 694 vocis
319 671 349 694 et
371 671 477 694 cantus
500 664 702 693 modulatores
725 665 804 693 inter
826 665 943 716 puellas
965 665 1040 694 νεὶ·
1032 675 1179 703 ingenuas
1195 664 1299 706 (Aer.)
1315 667 1380 697 vel:

133 707 240 736 mimas
255 706 378 746 (Comm.
393 708 480 755 Cruq:
485 705 496 745 )
512 707 677 736 cantilenas
693 708 846 741 docentes,
858 717 919 745 qua
934 707 965 736 in
981 707 1106 737 schola'
1098 709 1228 738 invicem
1241 709 1364 740 delicias
1388 740 1390 744 ,

132 749 283 778 faciebant
299 757 329 778 et
344 749 480 786 magistri
496 755 526 778 et
541 749 706 797 discipulae.
720 765 761 770 —
778 747 934 788 [plorare]
953 749 972 765 ‘⁴
982 749 1152 780 Salsissima
1166 751 1262 780 utitur
1277 749 1365 781 διλο-
1383 758 1387 759 ’

133 791 206 832 γίᾳ;
229 801 299 821 nam
314 797 344 820 et
362 793 492 830 plorant,
508 791 560 829 qui
576 792 684 820 docent
703 793 817 829 puellas
832 792 1040 821 cantiunculas
1053 793 1212 822 amatorias
1227 794 1319 822 flebili
1333 797 1378 824 etl

134 834 218 863 molli
235 844 305 863 voce
319 835 478 863 decantare
495 840 523 862 et
536 834 654 872 plorare
664 835 772 872 jubent
785 834 884 863 Graeci
898 834 1008 871 quibus
1022 844 1144 872 gravem
1160 835 1365 874 imprecantur
1375 843 1388 869 ss-

133 877 346 910 calamitatem,
359 877 439 913 quod
453 874 577 906 κλαίειν
588 882 618 904 et
630 874 776 916 οἰμώζειν
788 877 832 905 illi
845 877 980 906 dicunt.”
998 877 1164 907 Baxter.—
1174 875 1345 916 [cathedras

133 918 315 948 feminarum
333 919 440 947 sedilia
453 919 666 948 commodiora.
706 919 811 948 Molles
827 925 911 948 vocat
926 919 1036 948 Juven.
1052 919 1082 954 6,
1097 919 1147 950 91.
1158 935 1200 941 —
1217 917 1260 959 [1,
1270 876 1364 960 puer}

133 962 152 977 ‘⁶
170 961 342 1009 Eleganter,
358 961 443 999 quasi
468 961 523 990 hoc
545 970 583 990 ex
604 967 739 999 tempore
762 961 883 996 dixerit,
898 961 1034 999 praecipit
1056 971 1159 1000 puero,
1175 966 1210 991 ut
1231 962 1264 991 in
1286 962 1365 992 hanc

133 1003 232 1041 ipsam
255 1003 376 1032 satiram
402 1004 477 1032 illud
500 1003 643 1039 conferat,
667 1013 704 1032 ne
726 1009 830 1041 pereat
851 1007 912 1032 tam
935 1009 1140 1043 opportunum
1155 1009 1186 1034 et
1201 1004 1309 1034 scitum
1331 1004 1383 1043 inv,

133 1046 338 1074 modulatores
354 1046 425 1074 istos
440 1045 586 1074 dictum)
601 1046 746 1084 Porphyr.
760 1062 802 1066 —
815 1043 930 1084 [haee]‘
943 1046 1030 1074 haec'
1023 1055 1088 1084 ipsa
1102 1047 1202 1082 verba,
1218 1043 1381 1086 οἰμώζειν

135 1097 169 1117 σε
186 1086 314 1125 κελεύω,
329 1087 531 1128 pauperare!
577 1088 710 1126 Propert.
727 1088 756 1122 3,
774 1088 824 1122 23,
840 1088 890 1122 23,
907 1088 934 1123 J,
950 1098 1037 1126 puer,
1053 1092 1083 1118 et
1096 1089 1174 1118 citus
1187 1090 1249 1118 haec
1263 1079 1385 1136 aliqud(

131 1139 258 1169 propone
280 1132 422 1160 columna.
437 1146 479 1151 —
497 1128 625 1169 [libello]
650 1135 684 1159 ut
707 1129 789 1159 Pers.
809 1129 974 1166 1,120,de
990 1131 1052 1160 una
1074 1130 1127 1160 illa
1146 1131 1256 1161 satira:
1284 1125 1382 1177 Vitia,

134 1174 196 1202 vidi
209 1175 280 1212 ipse,
296 1174 402 1203 libelle.

476 1488 660 1529 LIBER
702 1487 1035 1530 SECUNDUS.

653 1628 809 1657 SATIRA
829 1627 854 1658 Ι.

182 1721 320 1752 Ancum.
345 1720 496 1749 Simulans
511 1729 542 1748 se
558 1720 592 1749 C.
610 1719 785 1749 Trebatium
803 1720 936 1756 Testam,
958 1719 1108 1758 insignem
1126 1719 1205 1759 juris
1226 1720 1369 1758 peritum.

139 1766 191 1804 qui
206 1766 237 1794 in
250 1763 323 1803 jure
343 1764 423 1792 civili
436 1761 587 1801 familiam
602 1763 727 1792 ducebat
743 1761 821 1800 (Cic.
837 1763 875 1792 ad
893 1763 976 1791 Fam.
994 1762 1025 1798 7,
1040 1761 1087 1800 5),
1107 1763 1273 1798 consulere,
1295 1763 1370 1801 quid

140 1808 171 1836 in
189 1808 273 1836 tanta
290 1807 522 1834 obtrectatorum
537 1805 570 1833 in
586 1814 616 1834 se
633 1805 799 1842 satirasque
815 1814 883 1834 suas
899 1805 1060 1842 iniquitate
1075 1805 1174 1841 faciat,
1194 1810 1296 1834 tamen
1313 1805 1370 1835 hoe

140 1858 252 1887 genere
267 1849 378 1877 omisso
394 1846 522 1876 Caesaris
537 1856 583 1876 res
597 1852 707 1884 gestas,
717 1847 880 1885 justitiam,
896 1847 1104 1876 fortitudinem
1119 1847 1251 1876 carmine
1265 1847 1370 1886 epico-

142 1891 325 1930 panegyrico
347 1890 511 1928 praedicare
535 1890 669 1918 nondum
692 1899 723 1918 se
746 1890 857 1919 audere
879 1889 1062 1918 dexterrime
1082 1889 1232 1927 significat
1254 1887 1287 1927 (a
1308 1898 1370 1926 quo

141 1943 252 1971 genere
269 1943 332 1962 suae
347 1932 439 1960 indoli
456 1931 606 1961 contrario
621 1932 745 1960 omnino
765 1930 977 1970 abhorrebat):
1002 1937 1106 1960 contra
1119 1932 1150 1960 in
1165 1931 1265 1960 satiris
1286 1941 1369 1961 com-

141 1975 301 2025 ponendis,
326 1974 445 2010 Lucilii,
470 1975 507 2003 de
532 1983 591 2011 quo
617 1974 788 2012 aequissime
806 1973 934 2012 judicat,
963 1974 1103 2012 exemplo
1124 1973 1182 2003 sibi
1207 1974 1369 2012 proposito,

142 2018 235 2047 etiam
257 2017 447 2056 postmodum
469 2026 501 2045 se
522 2022 794 2054 perseveraturum,
817 2016 961 2074 quoniam
979 2016 1037 2045 hoc
1057 2025 1153 2053 genus
1169 2025 1231 2045 suoe
1253 2014 1370 2045 nat'urae

141 2060 275 2090 maxime
290 2058 328 2088 sit
345 2064 590 2088 consentaneum.
638 2060 646 2074 ‘
657 2058 789 2093 Verum,’
805 2058 937 2096 inquit,‘
953 2058 984 2087 in
999 2065 1153 2097 posterum
1169 2057 1201 2086 In
1216 2067 1266 2087 eos
1281 2059 1370 2087 dum-

142 2107 227 2132 taxat
240 2102 375 2137 invehar‚
392 2101 443 2139 qui
460 2111 508 2130 me
524 2101 602 2130 ultro
617 2101 749 2138 aggressi
765 2100 907 2130 fuerint-¹
889 2122 896 2130 .
921 2110 1049 2139 quorum
1065 2100 1142 2129 hac*
1134 2101 1201 2138 ipsa
1213 2099 1369 2130 occasione

143 2145 244 2174 oblata
275 2144 434 2173 nonnullos
459 2143 568 2172 acriter
597 2143 723 2172 vellicat.
767 2145 774 2159 ‘
787 2143 875 2172 Tales
904 2148 1004 2172 autem
1029 2141 1214 2179 nebulones,'
1244 2141 1368 2180 (pergit,

143 2187 311 2216 memorata
327 2186 434 2215 Lucilii
449 2195 518 2215 cum
534 2186 674 2224 Scipione
689 2190 719 2214 et
736 2185 829 2214 Laelio
843 2185 1064 2214 necessitudine
1080 2185 1127 2213 vel
1149 2189 1270 2222 propter
1285 2194 1369 2214 sum-

141 2238 223 2258 mam
236 2229 317 2257 illius
329 2229 497 2257 libertatem
510 2237 666 2266 nunquam
677 2225 807 2266 dissuta)
820 2228 828 2243 ‘
840 2227 890 2257 ubi
906 2227 1118 2266 perstrinxero,
1132 2235 1287 2264 nunquam
1298 2235 1369 2265 pro-

142 2269 221 2300 fecto
236 2271 358 2307 timebo,
374 2280 412 2300 ne
428 2275 563 2309 potentes
586 2269 697 2299 amicos
712 2279 729 2299 a
744 2279 792 2299 me
811 2270 1000 2299 abalienem)
1043 2269 1112 2298 Jam
1130 2269 1299 2303 Trebatius
1315 2267 1368 2307 qui

137 2313 348 2352 jurisconsulti
371 2319 470 2351 partes
491 2321 546 2351 per
568 2312 645 2341 hanc
667 2311 789 2341 satiram
812 2312 1008 2342 dramaticum
1024 2310 1143 2348 egregie
1158 2316 1271 2349 tuetur,
1283 2311 1368 2340 festi-

143 2364 212 2385 vam
229 2355 336 2394 juveni
359 2355 455 2385 amico
473 2354 644 2385 cautionem
657 2354 976 2393 praescriptionemque
989 2353 1125 2393 precipit
1141 2351 1208 2393 (cfr.
1223 2353 1263 2384 ad
1277 2362 1307 2383 v.
1321 2352 1369 2391 5),
