1390 2586
153 115 205 153 76
485 124 799 152 EPISTOLARUM
828 124 915 153 LIB.
938 127 966 153 1.
992 115 1054 155 17.

427 317 498 344 EPI
505 318 636 344 STOLA
658 317 731 344 XVI
739 318 751 344 1
759 318 883 347 .—AD
912 318 1106 347 SCAEVAM.

156 397 366 448 Quamvis,
390 398 539 446 Scaeva,
561 397 654 438 satis
674 412 746 452 per
766 405 806 438 te
826 397 898 438 tibi
919 399 1103 449 consulis,
1122 407 1163 441 et
1182 400 1258 442 scis

157 455 252 502 Quo
274 454 431 494 tandem
454 463 568 508 pacto
588 453 727 494 deceat
748 454 963 509 majoribus
983 457 1066 504 uti,
1057 471 1067 480 ·

152 511 292 559 Disce,
315 510 515 550 docendus
536 510 664 550 adhuc
684 525 774 564 quae
794 519 931 551 censet
948 511 1152 560 amiculus,
1171 521 1216 554 ut
1234 512 1267 553 si

156 567 298 608 Caecus
319 565 394 606 iter
415 575 633 606 monstrare
654 567 772 606 velit:
804 575 936 608 tamen
957 567 1128 622 adspice,
1150 569 1183 610 si
1204 568 1300 623 quid

156 623 212 664 Et
233 638 315 671 nos,
339 623 444 676 quod
466 637 579 662 cures
600 622 801 677 proprium
824 622 977 671 fecisse,
1000 622 1221 678 loquamur.
1353 628 1378 666 5

158 680 201 720 Si
222 687 262 719 te
282 688 395 734 grata
416 678 528 732 quies
550 687 590 718 et
611 679 775 733 primam
796 693 958 720 somnus
978 679 1018 718 in
1041 680 1176 721 horam

155 735 370 782 Delectat,
401 736 432 774 si
455 742 493 775 te
515 734 644 788 pulvis
663 735 934 789 strepitusque
954 742 1142 786 rotarum,

159 792 202 833 Si
226 791 332 832 laedit
352 805 542 845 caupona,
569 790 828 831 Ferentinum
850 791 906 831 ire
921 791 1101 846 jubebo:

155 848 262 888 Nam
284 862 416 902 neque
437 846 626 887 divitibus
646 847 886 901 contingunt
905 847 1050 903 gaudia
1069 847 1175 898 solis,

155 904 246 944 Nec
267 904 368 943 vixit
387 903 502 951 male,
526 903 595 957 qui
616 911 731 943 natus
751 903 1005 958 moriensque
1026 904 1181 945 fefellit.
1330 908 1378 946 10

158 961 202 1001 Si
223 961 408 1015 prodesse
430 959 520 1008 tuis,
543 959 743 1014 pauloque
766 959 980 1015 benignius
1000 959 1130 1014 ipsum

155 1017 219 1057 Te
241 1025 408 1057 tractare
430 1015 551 1064 voles,
570 1016 735 1056 accedes
755 1016 882 1055 siccus
901 1015 951 1056 ad
972 1024 1149 1057 unctum.

157 1074 200 1113 Si
223 1072 437 1127 pranderet
457 1072 543 1112 olus
563 1072 774 1126 patienter,
797 1071 960 1126 regibus
981 1072 1038 1113 uti

154 1129 294 1170 Nollet
314 1128 557 1182 Aristippus.
619 1128 662 1168 Si
682 1127 801 1168 sciret
821 1128 983 1182 regibus
1003 1128 1075 1177 uti,

155 1185 370 1226 Fastidiret
389 1184 487 1232 olus,
510 1183 579 1238 qui
600 1198 664 1224 me
685 1192 807 1224 notat.
869 1183 1012 1225 Utrius
1032 1183 1173 1224 horum
1329 1188 1379 1226 15

152 1242 290 1282 Verba
310 1240 453 1295 probes
474 1248 515 1280 et
534 1240 648 1304 facta,
671 1239 793 1287 doce,
785 1255 793 1263 ·
825 1239 888 1280 vel
902 1239 1041 1295 junior
1059 1240 1165 1290 audi,

156 1298 240 1338 Cur
260 1298 311 1338 sit
332 1297 527 1351 Aristippi
550 1296 680 1350 potior
699 1296 923 1336 sententia:
957 1311 1130 1361 namque

156 1354 390 1394 Mordacem
415 1352 615 1408 Cynicum
637 1353 693 1392 sic
713 1351 913 1401 eludebat,
936 1362 980 1393 ut
998 1352 1136 1394 aiunt:

157 1410 323 1450 Scurror
343 1424 420 1465 ego
441 1409 525 1463 ipse
547 1408 657 1457 mihi,
679 1408 828 1463 populo
849 1415 916 1448 tu:
949 1408 1095 1449 rectius
1115 1408 1190 1449 hoc
1210 1416 1251 1450 et

156 1467 212 1520 Sp
217 1466 416 1506 lendidius
436 1465 561 1505 multo
582 1472 653 1505 est.
702 1463 843 1518 Equus
863 1473 908 1505 ut
928 1479 991 1504 me
1013 1472 1158 1519 portet,
1179 1465 1259 1507 alat
1278 1479 1363 1514 rex,

155 1522 343 1564 Officium
366 1521 490 1562 facio·
523 1529 566 1561 tu
587 1519 717 1575 poscis
738 1520 830 1561 vilia
850 1535 982 1560 rerum
1322 1524 1374 1562 21

153 1579 292 1620 Dante
315 1578 454 1629 minor,
476 1577 656 1632 quamvis
677 1577 755 1616 fers
775 1583 815 1616 te
835 1575 983 1616 nullius
1003 1583 1205 1632 egentem.

154 1635 300 1676 Omnis
322 1634 574 1698 Aristippum
595 1632 731 1673 decuit
750 1632 856 1672 color
877 1641 917 1673 et
936 1640 1060 1673 status
1081 1641 1122 1673 et
1141 1647 1216 1683 res,

155 1691 402 1731 Tentantem
423 1690 585 1744 majora,
609 1690 692 1728 fere
713 1688 975 1742 praesentibus
994 1703 1169 1743 aequum.

156 1747 319 1795 Contra,
343 1761 463 1810 quem
485 1745 634 1799 duplici
655 1759 787 1799 panno
807 1744 1001 1798 patientia
1019 1745 1139 1794 velat,
1323 1747 1379 1786 25

156 1803 352 1849 Mirabor,
376 1802 468 1842 vitae
489 1801 552 1841 via
572 1801 605 1841 si
626 1815 815 1841 conversa
835 1801 1006 1842 decebit.

155 1860 272 1900 Alter
293 1872 536 1913 purpureum
559 1871 639 1896 non
660 1857 909 1911 exspectabit
928 1856 1131 1906 amictum,

156 1915 370 1963 Quidlibet
388 1914 552 1954 indutus
573 1913 831 1954 celeberrima
845 1927 922 1977 ‘per
942 1914 1028 1954 loca
1046 1912 1178 1961 vadet,

157 1972 457 2025 Personamque
478 1970 580 2010 feret
599 1983 678 2009 non
700 1969 961 2009 inconcinnus
983 1978 1217 2024 utramque:

157 2028 275 2069 Alter
299 2027 434 2068 Mileti
455 2034 604 2067 textam
627 2040 724 2066 cane
745 2026 860 2080 pejus
881 2034 922 2066 et
940 2039 1074 2090 angue
1324 2027 1379 2066 30

155 2084 314 2125 Vitabit
333 2082 607 2138 chlamydem,
639 2082 829 2122 morietur
848 2081 1009 2136 frigore,
1031 2080 1063 2122 si
1083 2095 1162 2121 non
1262 2088 1265 2089 ’

161 2140 365 2180 Retuleris
386 2153 575 2194 pannum.
619 2137 758 2186 Refer,
782 2146 823 2178 et
842 2137 928 2178 sine
949 2138 1058 2178 vivat
1075 2137 1248 2192 ineptus.

159 2196 245 2237 Res
263 2211 404 2250 gerere
426 2203 467 2236 et
486 2202 621 2248 captos
641 2194 851 2234 ostendere
873 2193 1025 2234 civibus
1044 2193 1190 2242 hostes,

157 2252 337 2307 Attingit
356 2252 498 2292 solium
519 2251 543 2291 J
548 2265 643 2300 ovis,
666 2258 707 2290 et
726 2249 902 2290 coelestia
922 2256 1074 2290 tentat·
1063 2279 1074 2298 ,

156 2308 411 2364 Principibus
431 2307 625 2363 placuisse
647 2306 752 2356 viris,
774 2321 854 2348 non
875 2305 1015 2347 ultima
1033 2305 1119 2347 laus
1138 2312 1212 2348 est.
1325 2307 1382 2346 35
