1390 2586
410 106 628 135 mus‘roLA
658 106 718 133 An
750 105 953 134 P1somzs.
1241 94 1321 134 109

55 208 116 253 Et
134 208 240 252 male
260 215 442 250 tornatos
462 207 602 250 incudi
623 207 797 249 reddere
818 222 974 249 versus.
1235 210 1320 248 440

59 268 104 310 Si
126 266 346 309 defendere
367 266 577 316 delictum,
602 281 726 322 quam
747 274 922 314 vertere,
948 263 1102 314 malles,

58 325 231 368 Nullum
254 324 359 365 ultra
378 324 551 365 verbum
572 333 644 365 aut
665 338 830 379 operam
851 322 1090 364 insumebat
1111 321 1292 373 inanem,

58 382 176 433 Quin
197 381 284 423 sine
306 381 424 423 rivali
446 390 570 437 teque
594 392 636 423 et
657 389 728 422 tua
747 381 857 422 solus
877 396 1051 422 amares.

58 440 137 482 Vir
156 439 286 481 bonus
307 448 350 481 et
370 439 551 495 prudens
573 454 712 480 versus
733 437 1011 494 reprehendet
1031 438 1199 487 inertes,

60 496 260 552 Culpabit
278 496 415 546 duros,
439 496 659 552 incomptis
679 496 824 537 allinet
844 504 978 536 atrum
1238 498 1323 536 445

59 554 312 597 Transverso
334 554 489 596 calamo
510 555 688 610 signum,
712 553 928 595 ambitiosa
948 552 1106 595 recidet

59 611 331 661 ornamenta,
355 627 498 668 parum
521 612 640 653 claris
662 611 795 653 lucem
819 611 915 652 dare
938 618 1073 665 coget,

59 669 226 726 Arguet
245 669 441 725 ambigue
464 669 632 718 dictum,
656 668 853 710 mutanda
873 669 1058 710 notabit:

62 726 157 769 Fiet
178 727 466 776 Aristarchus3
499 742 580 768 non
602 727 724 776 dicet,
751 728 835 768 Cur
855 742 924 783 eyo
946 729 1117 767 amicum

63 784 276 841 Offindam
299 787 340 825 in
362 787 478 841 nuqis
494 783 516 826 ?
577 784 659 826 Hae
680 800 803 841 nugae
824 785 930 826 seria
951 784 1105 825 ducent
1240 786 1325 825 450

61 841 114 884 In
135 843 241 884 mala
262 842 440 884 derisum
462 842 589 884 semel
612 851 918 898 exceptumque
940 842 1118 883 sinistre.

63 899 129 942 Ut
149 900 255 942 mala
275 915 399 956 quem
419 900 576 942 scabies
596 908 668 941 aut
690 900 855 941 morbus
877 900 1017 956 regius
1039 907 1174 956 urget,

64 959 155 1000 Aut
174 957 374 1000 fanaticus
395 973 506 1000 error
527 966 570 999 et
590 957 785 999 iracunda
807 957 960 1008 Diana,

64 1014 274 1057 Vesanum
298 1015 484 1071 tetigisse
506 1016 655 1057 timent
675 1015 926 1071 fugiuntque
949 1024 1127 1071 poetam,

65 1072 152 1122 Qui
172 1073 362 1129 sapiunt3
384 1074 544 1130 agitant
565 1074 695 1129 pueri,
718 1073 958 1129 incautique
980 1083 1223 1129 sequuntur.
1246 1075 1331 1114 455

66 1129 164 1182 Hic,
187 1131 286 1172 dum
306 1131 492 1173 sublimis
513 1146 654 1172 versus
674 1139 858 1172 ructatur
880 1141 922 1173 et
943 1141 1064 1181 errat,

68 1187 128 1238 Si,
151 1188 281 1230 veluti
303 1189 471 1230 merulis
491 1189 676 1231 intentus
698 1188 852 1230 decidit
872 1204 1024 1245 auceps

68 1244 119 1287 In
141 1254 312 1301 puteum
335 1246 562 1296 foveamve,
586 1246 695 1295 licet,
722 1247 972 1296 Succurrite‚
997 1247 1168 1304 longum

71 1303 249 1354 Clamet,
276 1303 322 1345 Io
343 1304 452 1355 cives
471 1304 479 1346 !
511 1319 593 1345 non
616 1304 668 1345 sit
690 1304 760 1360 qui
785 1305 927 1345 tollere
950 1314 1078 1346 curet.

73 1360 118 1402 Si
141 1361 232 1417 quis
253 1371 368 1403 curet
388 1377 509 1417 opem
532 1364 651 1411 ferre,
677 1371 718 1403 et
739 1361 956 1404 demittere
977 1363 1135 1413 funem,
1248 1365 1333 1403 460

73 1417 162 1467 Qui
183 1419 274 1468 scis,
296 1434 346 1460 an
370 1419 550 1475 prudens
571 1418 651 1460 huc
670 1435 714 1460 se
736 1419 946 1475 dejecerit,
969 1428 1095 1476 atque

74 1476 236 1518 Servari
259 1476 394 1518 nolit?
424 1477 571 1525 dicam,
599 1477 812 1532 Siculique
835 1486 968 1533 poetae

71 1532 260 1576 Narrabo
282 1534 517 1576 interitum:
553 1535 672 1576 Deus
692 1534 934 1576 immortalis
954 1534 1094 1576 haberi

71 1588 188 1633 Dum
211 1592 326 1648 cupit
349 1591 636 1649 Empedocles,
659 1592 871 1633 ardentem
894 1593 1068 1649 frigidus
1090 1591 1265 1634 AEtnam

75 1648 252 1691 Insiluit.
315 1649 380 1691 Sit
395 1650 477 1706 jus,
501 1650 705 1706 liceatque
728 1650 862 1705 perire
884 1650 1040 1706 poetis:
1251 1653 1336 1691 465

76 1705 260 1748 Invitum
282 1708 353 1763 qui
374 1716 522 1758 servat,
545 1707 654 1749 idem
677 1708 774 1750 facit
794 1708 1012 1750 occidenti.

77 1762 170 1805 Nec
189 1765 318 1806 semel
338 1765 414 1807 hoc
435 1765 557 1814 fecit3
589 1781 679 1815 nec,
702 1766 736 1806 si
758 1774 957 1807 retractus
978 1766 1069 1816 erit,
1088 1767 1176 1822 jam

78 1820 175 1863 Fiet
195 1822 328 1872 homo,
352 1833 394 1864 et
414 1831 542 1878 ponet
562 1823 728 1865 famosae
748 1824 891 1865 mortis
911 1839 1105 1865 amorem.

78 1878 297 1922 Indoctum
318 1879 567 1936 doctumque
589 1881 706 1937 fugat
727 1881 917 1923 recitator
933 1882 1132 1931 'acerbus;

79 1935 219 1985 Quem
242 1953 339 1979 vero
359 1938 544 1993 arripuit,
569 1946 683 1980 tenet
704 1939 936 1995 occiditque
960 1940 1150 1996 legendo,
1254 1942 1339 1981 470

78 1993 176 2036 Non
199 1994 371 2037 missura
390 2005 526 2037 cutem
547 1996 624 2037 nisi
646 1996 770 2052 plena
790 1997 944 2039 cruoris
965 1997 1124 2039 hirudo.
