1390 2586
137 101 191 140 92
468 114 781 142 EPISTOLARUM
810 115 896 144 ΜΒ.
919 117 966 144 11.
987 106 1027 145 2.

139 211 363 267 Civilisque
383 211 522 253 rudem
543 213 636 254 belli
659 213 750 255 tulit
769 223 886 256 aestus
906 215 947 256 in
967 231 1086 266 arma,

140 268 310 309 Caesaris
332 269 508 323 Augusti
531 284 608 310 non
630 285 867 324 responsura
886 271 1056 314 lacertis.

139 323 263 365 Unde
283 324 398 364 simul
423 325 592 378 primum
614 340 677 366 me
698 326 882 367 dimisere
905 327 1095 384 Philippi,

138 379 300 421 Decisis
322 380 511 421 humilem
534 381 689 436 pennis,
712 382 952 438 inopemque
974 385 1129 439 paterni
1305 389 1356 427 50

139 436 195 476 Et
215 436 306 476 laris
327 446 367 477 et
386 437 511 486 fundi,
535 447 747 492 paupertas
767 439 927 493 impulit
945 440 1075 481 audax
1121 480 1126 484 ,

139 491 202 533 Ut
222 507 356 533 versus
377 494 560 533 facerem.
621 494 714 542 Sed,
737 495 842 549 quod
865 511 942 536 non
963 496 1078 545 desit,
1101 496 1328 547 habentem,

139 548 245 596 Quae
265 558 453 603 poterunt
474 565 648 604 unquam
669 551 762 591 satis
783 566 1007 607 expurgare
1028 552 1179 601 cicutae,

139 604 194 644 Ni
216 604 358 645 melius
379 605 549 646 dormire
571 615 707 660 putem
729 622 847 661 quam
868 609 1040 649 scribere
1062 608 1228 650 versus?

140 660 310 715 Singula
329 661 378 701 de
401 662 513 702 nobis
533 662 628 703 anni
648 664 875 717 praedantur
895 673 1061 705 euntes:
1302 669 1354 706 55

139 716 335 757 Tendunt
356 726 594 772 extorquere
617 730 810 773 poemata.
872 719 983 768 Quid
1004 721 1143 762 faciam
1163 720 1254 763 vis?

137 771 331 827 Denique
353 788 431 814 non
453 789 590 815 omnes
610 775 748 815 eadem
770 776 962 817 mirantur
981 787 1222 832 amantque:

139 827 329 869 Carmine
352 838 392 870 tu
413 830 577 885 gaudes,
601 830 664 871 hic
684 831 903 873 delectatur
922 833 1088 882 iambis;

137 883 214 924 Ille
238 885 401 926 Bioneis
421 887 668 928 sermonibus
689 895 730 928 et
747 888 828 928 sale
850 888 978 944 nigro.

137 939 241 981 Tres
263 941 359 981 mihi
380 942 557 984 convivae
578 958 701 998 prope
721 944 928 985 dissentire
950 944 1149 995 videntur,
1302 949 1357 988 60

138 996 356 1038 Poscentes
377 999 483 1039 vario
504 999 672 1040 multum
693 999 848 1041 diversa
868 1001 1010 1053 palato.

137 1052 249 1101 Quid
275 1053 399 1095 dem?
429 1055 525 1109 quid
554 1070 635 1096 non
665 1055 788 1097 dem'?
849 1056 1004 1098 Renuis
1028 1065 1084 1106 tu,
1107 1057 1215 1113 quod
1239 1057 1358 1114 jubet

245 1109 366 1158 alter3

78 1175 80 1177 “
136 1164 259 1213 Quod
280 1166 394 1220 petis,
417 1166 456 1207 id
477 1181 571 1208 sane
592 1175 652 1208 est
671 1167 842 1209 invisum
862 1169 1101 1225 acidumque
1121 1169 1288 1212 duobus.

137 1221 290 1263 Praeter
310 1231 454 1270 cetera,
477 1238 540 1264 me
564 1223 758 1265 Romaene
779 1234 962 1280 poemata
982 1241 1121 1267 censes

137 1277 320 1319 Scribere
343 1294 470 1333 posse,
492 1279 596 1320 inter
617 1288 675 1321 tot
694 1295 806 1321 curas
827 1289 966 1336 totque
987 1281 1170 1324 labores?
1300 1287 1355 1325 65

139 1333 222 1374 Hic
241 1349 427 1388 sponsum
450 1343 576 1384 vocat,
600 1335 663 1376 hic
683 1336 862 1377 auditum
883 1337 1040 1391 scripta,
1058 1338 1205 1380 relictis

135 1390 336 1432 Omnibus
357 1391 518 1440 officiis3
551 1392 669 1432 cubat
691 1392 755 1433 hic
774 1393 815 1433 in
837 1393 937 1434 colle
959 1393 1136 1443 Quirini,

134 1445 217 1486 Hic
238 1456 418 1488 extremo
440 1448 479 1488 in
504 1448 721 1498 Aventino,
743 1449 930 1491 visendus
952 1458 1146 1504 uterque;

134 1501 352 1544 Intervalla
372 1503 482 1544 vides
504 1504 675 1544 humane
697 1505 914 1546 commoda.
975 1505 1125 1546 Verum

135 1558 254 1600 Purae
274 1568 367 1600 sunt
388 1560 540 1614 plateae,
564 1560 661 1600 nihil
683 1570 726 1602 ut
747 1561 1028 1602 meditantibus
1049 1562 1190 1605 obstet.
1303 1568 1355 1606 70

134 1614 316 1656 Festinat
337 1616 485 1656 calidus
506 1617 622 1656 mulis
641 1617 872 1671 gerulisque
893 1618 1112 1667 redemtor;

133 1670 319 1725 Torquet
339 1687 445 1712 nunc
468 1672 652 1726 lapidem,
676 1688 782 1713 nunc
803 1674 946 1729 ingens
967 1674 1149 1716 machina
1169 1675 1352 1732 tignum3

133 1726 285 1768 Tristia
305 1728 476 1768 robustis
499 1729 696 1769 luctantur
719 1730 858 1770 funera
879 1730 1086 1784 plaustris;

135 1782 226 1823 Hac
248 1783 400 1824 rabiosa
420 1784 526 1839 fugit
545 1785 665 1833 canis,
689 1784 761 1825 hac
782 1786 978 1827 lutulenta
999 1787 1078 1828 ruit
1097 1803 1185 1829 sus:

134 1838 154 1879 I
176 1854 295 1888 nunc,
319 1849 359 1881 et
379 1855 514 1880 versus
536 1850 667 1881 tecum
690 1841 879 1882 meditare
901 1857 1076 1884 canoros.
1301 1847 1354 1886 75

135 1895 381 1950 Scriptorum
403 1896 695 1939 chorus·0mnis
714 1907 820 1938 amat
842 1913 982 1939 nemus
1002 1908 1043 1940 et
1063 1899 1168 1954 fugit
1189 1900 1320 1951 urbes,

135 1951 231 1992 Rite
253 1950 377 1992 cliens
402 1952 561 2001 Bacchi,
584 1968 722 1994 somno
741 1954 954 2008 gaudentis
974 1963 1014 1996 et
1035 1957 1196 1997 umbra:

133 2007 202 2047 Tu
224 2023 287 2048 me
308 2008 411 2049 inter
430 2010 620 2064 strepitus
642 2018 854 2051 nocturnos
874 2020 996 2066 atque
1017 2012 1180 2053 diurnos

133 2062 208 2103 Vis
229 2079 384 2114 canere,
408 2074 449 2105 et
469 2074 670 2106 contracta
690 2067 804 2120 sequi
827 2067 996 2122 vestigia
1017 2067 1182 2108 vatum?

134 2118 365 2174 Ingenium,
388 2121 462 2161 sibi
484 2122 590 2176 quod
613 2137 753 2162 vacuas
774 2123 967 2164 desumsit
988 2123 1181 2173 Athenas,
1302 2129 1355 2167 80

135 2174 190 2215 Et
209 2176 350 2217 studiis
369 2192 494 2218 annos
514 2186 669 2232 septem
691 2179 814 2229 dedit,
836 2179 1093 2235 insenuitque

135 2230 269 2271 Libris
290 2242 330 2273 et
350 2234 466 2282 curis,
484 2234 613 2275 statua
636 2234 870 2276 taciturnius
891 2235 976 2276 exit

135 2287 395 2343 Plerumque,
418 2298 458 2331 et
479 2290 561 2331 risu
580 2291 771 2346 populum
794 2291 946 2346 quatit3
978 2291 1041 2333 hic
1062 2307 1139 2349 ego
1159 2307 1293 2334 rerum
