1390 2586
138 135 222 176 220
559 132 922 164 INTERPRETATxo.
1231 130 1351 174 [arm.

179 233 232 264 29.
268 231 392 273 [Copia]
423 232 617 261 abundantiae
635 237 666 261 et
682 231 827 260 ubertatis
842 231 908 265 dea,
932 235 966 259 ut
981 229 1080 260 Carm,
1101 228 1165 259 Se'c.
1181 229 1230 266 57.
1254 231 1263 247 ‘
1278 231 1351 262 Haee

141 282 244 306 autem
258 277 355 304 omnis
376 274 495 312 generis
516 274 617 312 fruges
637 274 811 311 fructusque
827 273 910 311 quasi
932 274 970 302 de
992 273 1066 302 coelo
1090 272 1123 302 in
1142 278 1254 303 terram
1272 282 1352 304 nuuc

141 317 286 358 defundit,
308 328 324 346 e
342 327 435 346 cornu
449 326 503 346 suo
519 318 659 346 omnibus
673 317 864 345 abundanter
877 315 1023 353 largitur-¹
1342 309 1350 314 ⁵

590 443 794 472 EPISTOLA
821 441 911 471 XIII.

185 531 322 559 Ancum.
351 529 370 545 “
385 529 471 557 Hanc
495 527 662 565 Epistolam
686 528 724 556 ad
747 527 870 555 Vinium
894 525 1038 560 Asellam,
1062 525 1197 563 quisquis
1219 525 1270 554 ille
1289 524 1358 562 fuit,

142 572 264 601 missam
281 581 344 600 esse
358 580 515 608 nunquam
530 570 661 598 adducar
679 575 712 598 ut
733 569 863 598 credam.
908 568 943 596 ln
963 567 1090 605 Augusti
1109 568 1208 605 potius
1227 567 1355 605 gratiam

142 615 253 652 scripta
269 615 396 647 videtur,
425 613 472 641 cui
495 618 584 650 poeta
601 612 814 640 verecundiam
836 620 920 640 suam
941 610 991 639 vix
1011 614 1129 648 poterat
1145 610 1358 640 commendare

142 657 298 686 urbanius.
351 656 489 684 Paratam
512 655 617 683 eadem
646 654 777 683 habebat
803 652 1037 687 excusationem,
1065 652 1090 681 si
1115 651 1191 681 forte
1219 657 1362 690 poematt'

144 708 199 728 sua
219 699 355 736 Augusto
376 699 413 726 ab
433 697 535 726 amicis
556 696 646 725 nimis
667 695 805 724 officiosis
828 695 907 724 male
932 699 1031 724 essent
1054 694 1165 723 tradita
1185 699 1237 723 aut
1256 694 1362 725 minus·

144 747 213 779 apte
228 739 467 770 commendata.''
494 739 609 768 Jacobs.
660 738 779 767 Festive
794 738 886 775 igitur
901 737 1023 765 simulat
1037 745 1068 765 se
1083 741 1191 774 praeter
1204 736 1363 772 mandata&

145 793 213 820 quae
235 783 315 812 domi
327 784 391 821 jam
407 791 485 820 saepe
502 781 614 818 diuque
630 780 745 809 homini
762 781 849 815 bono,
865 780 918 808 sed
933 777 1101 817 pinguioris
1116 778 1242 816 ingenii,
1259 777 1359 807 incul-

144 826 228 860 carit,
254 835 292 854 ne
315 826 441 863 illajam
461 823 519 852 iter
533 823 655 857 faciens,
676 823 772 860 magis
792 822 884 851 etiam
899 830 992 859 quum
1008 821 1039 850 in
1055 822 1159 850 urbem
1174 820 1367 858 perveneritr

144 868 348 903 obliviscatur,
374 867 480 895 eadem
505 866 595 894 etiam
622 865 730 893 litteris
757 865 958 902 consignasse,
987 862 1102 900 hasque
1130 862 1256 896 litteras,
1283 870 1364 901 qua}-

146 910 257 944 Asella,
285 916 316 938 ut
339 909 492 947 probabile
521 913 576 942 est,
602 917 758 945 nunquam
783 907 874 942 videt,
904 912 971 943 post
994 907 1058 943 ejus
1081 902 1295 943 profectionem
1319 907 1364 937 ei*

144 952 260 991 praedio
287 952 398 981 Sabino
426 960 480 989 per
503 949 692 979 tabellarium
714 949 838 978 misisse.
891 947 962 977 Fuit
988 952 1090 976 autem
1122 944 1208 986 (nam
1231 947 1364 984 person&¹

145 995 211 1033 ipsa
234 1004 304 1023 vera
325 999 380 1029 est,
405 999 434 1022 et
457 992 582 1021 fortasse
601 997 672 1021 nota
695 996 759 1020 erat
775 989 926 1029 Augusto)
950 990 998 1018 vel
1022 989 1137 1018 vicinus
1158 989 1287 1024 Horatii,
1311 988 1366 1027 vel-

146 1047 225 1066 unus
241 1037 375 1074 quinque
395 1036 515 1064 illorum
530 1035 678 1063 bonorum
692 1039 822 1071 patrum,
837 1033 1011 1062 colonorum
1026 1031 1236 1070 partiariorum
1251 1031 1282 1060 in
1294 1031 1366 1069 ejus*

147 1079 275 1108 Sabino:
297 1088 400 1107 servus
425 1083 505 1106 certe
529 1075 701 1106 tabellarius
723 1085 783 1104 non
810 1075 878 1111 fuit,
904 1083 996 1112 quum
1023 1073 1082 1102 tria
1104 1073 1227 1102 nomina
1250 1073 1363 1105 Latium

145 1122 295 1154 habuerit,
317 1122 351 1149 C.
371 1120 478 1148 Vinius
495 1120 606 1148 Fronto
632 1119 678 1147 vel
700 1118 811 1152 Asella,
835 1123 869 1146 ut
890 1117 976 1145 aiunt
996 1114 1366 1154 Scholiasta—Scriptd

145 1164 265 1193 videtur
281 1163 448 1192 Kirchnero
465 1162 601 1199 Epistola
614 1160 732 1189 circiter
747 1168 776 1189 A.
791 1167 820 1188 υ.
834 1167 862 1189 c.
877 1158 947 1194 736,
963 1158 1157 1187 Lachmanno
1172 1157 1219 1186 vel
1234 1156 1367 1189 ineunte*

145 1216 173 1235 a.
194 1205 264 1241 730,
293 1205 341 1234 vel
367 1210 437 1233 ante
464 1204 595 1232 hiemem
622 1213 648 1232 a.
671 1202 751 1237 7323
780 1211 833 1240 per
861 1201 997 1230 medium
1022 1200 1103 1229 enim
1132 1205 1250 1238 tempus
1274 1205 1367 1229 extro

146 1248 264 1277 ltaliam
281 1247 397 1284 degisse
412 1247 593 1283 Augustum.

188 1290 219 1327 4,
233 1291 260 1319 5.
286 1287 414 1328 [odium]
442 1292 448 1303 “
461 1289 491 1317 Si
506 1288 581 1316 forte
593 1287 727 1316 offendes
737 1285 922 1324 Augustum,
939 1285 964 1314 is
978 1284 1103 1313 fortasse
1114 1283 1365 1321 indignabundui

146 1333 273 1370 accipiet
291 1341 359 1361 mea
380 1330 583 1360 carmina.’—-
596 1327 764 1368 [importes]
788 1330 966 1366 plerumque
985 1327 1023 1356 de
1046 1327 1135 1355 rebus
1150 1325 1360 1362 incommodis,

147 1381 182 1404 ut
210 1375 399 1412 ‘importare
428 1373 639 1407 calamitatem,
667 1372 792 1406 luctum,
821 1369 998 1408 periculum,
1026 1368 1162 1407 pestem!
1218 1369 1363 1398 Ceterum

147 1418 383 1446 construendum
403 1415 524 1444 videtur
551 1415 643 1444 etiam
669 1418 791 1452 propter
814 1422 840 1441 v.
868 1420 1028 1441 caesuram:
1052 1421 1087 1440 ne
1109 1411 1226 1440 sedulus
1252 1409 1361 1449 (quum

147 1459 188 1488 sis
213 1459 303 1487 nimis
332 1456 480 1496 sedulus),
511 1459 646 1495 importes
670 1457 766 1485 odium
792 1455 906 1489 libellis,
930 1455 1063 1483 minister
1086 1455 1174 1491 opera
1199 1453 1362 1483 vehemente

150 1502 337 1539 (ministrum
359 1510 451 1538 agens
477 1500 578 1535 talem,
610 1498 662 1536 qui
686 1507 809 1536 operam
834 1501 923 1525 navet
949 1495 1043 1525 nimio
1072 1500 1162 1533 atque
1188 1495 1362 1533 importuno

147 1544 273 1578 studio).

191 1586 281 1615 6—8.
311 1583 409 1624 [uret]
435 1584 472 1612 de
495 1592 586 1612 onere
609 1583 744 1615 molesto,
770 1586 803 1610 ut
824 1580 911 1610 Ovid.
933 1580 1020 1609 Rem.
1049 1578 1114 1608 Am.
1139 1578 1210 1614 235,
1232 1579 1360 1617 Aspicis,

151 1633 185 1657 ut
195 1638 308 1666 pressos
333 1631 422 1656 urant
434 1625 514 1665 juga
534 1627 632 1663 prima
645 1619 1021 1663 juvencos.—[Al›jicito]
1046 1621 1194 1659 ‘Abjicito
1209 1621 1308 1659 potius
1329 1621 1361 1651 in

150 1671 216 1709 ipso
231 1670 339 1699 itinere
352 1669 370 1704 ς’
393 1669 495 1706 (fingit
513 1668 594 1696 enim
613 1668 650 1695 ob
671 1666 792 1704 propria
814 1674 934 1704 quoque
955 1663 1076 1702 negotia
1092 1663 1216 1692 Vinium
1234 1663 1363 1693 Romam

149 1713 307 1751 proficisci,
327 1718 357 1740 et
377 1716 495 1740 tantum
509 1709 598 1738 officii
613 1709 702 1737 causa
717 1708 850 1736 carmina
863 1716 964 1736 secum
979 1703 1124 1744 portare,)
1151 1706 1160 1720 ‘
1173 1714 1264 1743 quam
1279 1710 1312 1734 ut
1325 1713 1362 1735 eo

149 1755 223 1789 loco,
244 1763 339 1791 usque
359 1754 397 1782 ad
422 1762 512 1790 quem
531 1751 664 1790 perferre
687 1751 802 1789 juberis
826 1748 984 1782 sarcinam,
1000 1747 1097 1787 serus,
1117 1748 1278 1786 impatiens
1296 1749 1362 1786 ,iam

148 1798 258 1830 oneris,
273 1797 424 1830 efferatus,
439 1800 473 1823 ut
487 1794 600 1832 iniquae
613 1793 723 1822 mentis
737 1792 856 1827 asellus,
881 1801 949 1820 cum
964 1790 993 1819 vi
1009 1796 1038 1820 et
1052 1790 1147 1819 multo
1162 1799 1230 1818 cum
1245 1789 1363 1827 fragore

150 1839 272 1877 dejicias
297 1839 329 1867 in
357 1838 453 1866 solum
477 1836 526 1865 vel
554 1836 586 1864 in
613 1836 725 1864 atrium
750 1834 856 1864 Palatii
881 1834 1006 1863 clitellas
1029 1832 1103 1861 muli
1128 1831 1175 1860 vel
1204 1831 1279 1861 asini
1307 1831 1363 1867 tui,

151 1882 260 1919 quibus
285 1880 401 1909 sarcina
428 1879 544 1916 illigata
567 1882 613 1906 est
635 1883 725 1915 atque
748 1877 819 1906 inde
842 1876 995 1905 solvenda.
1046 1874 1136 1906 Quod
1161 1873 1185 1902 si
1205 1879 1267 1903 tam
1295 1883 1363 1903 rus-

151 1925 228 1952 ticus
242 1933 332 1955 esses,
355 1931 444 1960 quam
465 1920 611 1958 significo,
628 1920 735 1948 merito
751 1925 780 1948 te
801 1918 936 1948 Asellam
955 1916 1055 1946 vocari
1070 1917 1205 1945 dicerent
1219 1916 1362 1952 ridentes,

152 1966 204 2004 qui
219 1965 376 1994 viderent.r
387 1979 429 1985 —
440 1961 574 2002 [Asinae]
600 1962 720 1991 videtur
734 1961 845 1990 dixisse
859 1970 914 1998 pro
929 1960 1060 1992 Asellae:
1083 1968 1143 1988 non
1164 1958 1246 1987 enim
1265 1958 1363 1987 credi·

150 2009 211 2037 bile
226 2014 271 2037 est
285 2007 378 2045 patris
397 2015 561 2044 cognomen
578 2005 689 2038 Asinoe,
713 2010 746 2032 ut
760 2004 875 2038 volunt,
893 2002 954 2040 joci
974 2001 1064 2030 causa
1086 2010 1104 2030 a
1118 2000 1223 2029 vicinis
1246 2001 1310 2038 ejus
1331 2000 1371 2030 in>

151 2051 262 2080 Asellae
285 2049 435 2078 deflexum
459 2057 531 2076 esse.
577 2047 667 2078 Quod
687 2051 840 2084 paternum
864 2050 910 2073 est
930 2052 1108 2081 cognomen,
1130 2046 1278 2071 monstrat
1299 2043 1362 2080 Jam

149 2098 266 2131 patrem
281 2093 448 2129 ingenuum
462 2089 608 2118 rusticum
624 2090 795 2118 Romanum
817 2087 909 2116 fuisse
931 2095 987 2116 nec
1001 2094 1072 2115 vero
1091 2084 1154 2114 filio
1173 2084 1363 2114 contumeliae

147 2135 238 2164 causa
252 2134 394 2163 inditum.

195 2176 325 2206 10-12.
364 2171 487 2214 [lamas]
522 2173 676 2202 “lacunas
703 2173 831 2210 majores
859 2179 967 2209 aquam
997 2169 1132 2207 pluviam
1163 2167 1362 2198 continentes.

151 2219 290 2248 Ennius:
320 2219 463 2247 Silvarum
486 2217 589 2250 saltus,
612 2216 740 2244 latebras
763 2215 908 2252 lamasque
930 2211 1071 2241 lutona?
1101 2210 1206 2240 Gomm.
1224 2210 1363 2248 οης.-

152 2258 272 2300 [Victor
284 2257 440 2299 propositi]
464 2256 623 2298 ἐγκρατὴς
638 2257 695 2286 τοῦ
711 2255 843 2286 σκοποῦ.
853 2271 895 2276 -
907 2252 975 2294 [Sic
986 2254 1110 2292 positum
1123 2250 1266 2291 servabis]
1294 2255 1302 2268 ‘
1312 2252 1361 2282 Sic

147 2312 241 2342 pones
255 2310 296 2339 et,
311 2312 405 2340 quum
421 2300 565 2340 posueris,
580 2301 671 2329 etiam
685 2299 728 2329 sic
742 2298 884 2333 servabis,
899 2295 953 2327 ne’
969 2297 1023 2327 &a
