1390 2586
151 99 231 142 134
578 100 946 132 minume-reno.
1247 102 1252 108 ·
1282 102 1375 145 sm..

147 202 258 240 quibus
273 201 369 231 modis
383 201 547 230 insectatus
561 199 600 229 sit
615 199 735 229 Persius
751 200 921 238 Rupilium,
936 204 972 230 ut
985 206 1016 230 et
1029 200 1062 230 in
1085 201 1242 231 tonstrinis
1256 201 1322 232 haec
1342 208 1374 234 et

146 244 306 274 medicinis
323 242 470 282 (tabernis
483 242 668 271 medicorum
687 242 873 280 vulgarium)
889 249 1010 272 narrate
1023 243 1093 272 sint.
1130 243 1207 273 Fere
1222 250 1324 274 autem
1339 246 1372 275 in

146 286 195 316 his
210 286 341 316 'officinis
357 285 445 315 otiosi
466 285 563 314 solent
578 284 734 314 considere
749 294 783 314 ac
797 294 845 314 res
859 285 1030 314 rumoribus
1043 286 1250 324 frequentatas
1263 287 1374 318 fabulis

149 329 331 359 celebrare-'⁷
357 329 501 366 Porphyr.

188 371 281 401 6-8.
306 368 442 409 [Durus]
461 372 468 385 ‘
481 369 622 408 pervicax
634 374 664 398 et
678 369 835 398 morosus!
846 385 889 390 —
900 367 996 408 [odio]
1014 370 1022 385 ‘
1034 370 1182 405 molestia,
1197 371 1258 408 quii
1271 371 1372 400 homi-

146 423 201 444 nes
224 414 342 443 afficere
365 413 488 447 solebat,
511 412 591 440 unde
613 421 718 441 omnes
740 421 810 440 eum
826 410 1291 452 fastidiebant’—-[Conflden⁸]
1308 413 1372 444 Cic.

148 457 237 486 Tusc.
255 456 284 490 3,
301 454 330 490 7,
342 452 492 494 quifortis
507 458 559 488 est,
576 455 651 483 idem
667 458 710 483 est
723 455 851 492 fidens,
873 455 1004 493 qvoniam
1018 455 1196 492 confidens
1210 456 1290 485 mala
1304 465 1373 485 con-

146 499 301 528 suetudine
317 498 450 536 loquendi
465 498 495 525 in
509 497 581 526 vilio
601 498 730 534 ponitur,
753 497 872 525 ductum
893 497 1009 526 verbum
1024 507 1043 526 a
1057 507 1094 526 co
1104 507 1122 525 n
1121 498 1149 534 fi
1153 498 1175 526 d
1180 498 1248 527 end
1253 508 1278 533 o,
1295 499 1374 537 quod

146 542 244 570 laudis
259 545 311 570 est.
322 555 364 560 —
378 537 539 578 [tumidus]
557 536 754 578 ἀκράχολος,
767 538 924 568 iracundia
947 548 1015 568 cum
1037 539 1180 577 superbia
1201 541 1372 578 conjuncti.

145 600 186 606 -
201 581 367 622 [Sisennas,
379 579 508 620 Barros]
526 581 598 610 Noti
614 587 685 610 tunc
698 591 807 610 scurrae
819 580 1010 610 maledici.-
1023 579 1121 620 [equis
1129 580 1222 620 olbis]
1232 591 1327 620 quum
1339 583 1372 613 hi

145 625 296 655 celerrimi
320 634 384 654 esse
410 624 614 658 crederentur,
636 623 708 652 inde
735 631 839 652 natum
866 623 922 652 hoc
943 623 1143 661 proverbium.
1196 623 1246 653 Sic
1273 625 1370 654 plaut.

146 668 234 697 Asin.
249 669 278 700 2.
297 668 325 702 2,
343 667 390 702 12,
406 667 483 695 Nam
499 667 525 695 .ςί
540 676 569 695 se
583 666 652 695 huic
665 667 808 695 occasioni
822 670 935 705 tempus
955 666 1188 700 subierant-terit,
1210 666 1372 706 Nunquam

146 710 249 748 edepol
263 711 418 749 quadrigis
431 710 508 738 albis
522 709 679 747 indipiscet
694 712 807 746 postea.

190 752 321 782 10—18.
347 749 518 790 [Convenit]
542 751 551 766 ‘
561 756 719 788 postquam
734 750 818 779 litem
833 750 928 779 amice
940 749 1079 779 decidere
1093 755 1125 779 et
1139 749 1293 780 conciliari
1309 760 1371 780 non

145 795 307 833 poterant!
319 810 361 816 —-
375 792 443 833 [Ιιοο
458 791 580 832 etenim]
605 794 718 822 Omnes
734 792 872 822 homines
892 793 1014 828 molesti,
1030 792 1176 828 difficiles,
1191 793 1371 822 contentiosi

144 838 197 867 hoc
209 836 283 876 jure
305 841 383 871 sunt,
403 836 483 865 idem
502 837 552 875 jus
575 834 631 864 sibi
653 839 800 871 affluunt,
822 835 930 864 eodem
953 835 1044 863 modo
1063 840 1168 872 agunt,
1189 844 1249 872 quo
1261 833 1371 874 fortes,

143 879 321 909 fortitudine
333 878 390 908 sibi
405 888 502 917 pares,
517 878 597 906 inter
610 887 684 915 quos
699 882 851 906 certamen
866 877 1020 915 singulare
1035 877 1185 907 oritur.—
1201 875 1371 916 [adversum

145 920 269 961 bellum]
286 921 483 950 ‘acerrimum
501 920 673 950 certamen.’
698 920 783 958 Conj.
800 921 931 949 adversis
944 925 973 948 et
987 919 1088 948 audax
1103 925 1134 948 et
1147 929 1371 958 supervacanea

143 963 272 994 videtur.
284 980 327 986 —-
340 961 452 1003 [inter]
470 962 606 1001 Duplicis
622 963 713 1001 hujus
728 971 774 1000 pr.
785 963 863 992 inter
877 971 960 997 usus,
976 961 1008 990 in
1025 971 1085 999 quo
1100 961 1186 991 haesit
1205 962 1370 996 Bembina,

142 1007 285 1046 exempla
299 1008 414 1045 praebet
428 1005 520 1035 Hand
537 1006 623 1034 Turs.
640 1005 682 1034 iii.
697 1014 726 1043 p.
740 1004 810 1034 409.
842 1004 903 1033 Cfr.
921 1004 998 1042 Epp.
1015 1003 1041 1038 1,
1058 1004 1086 1038 2,
1102 1003 1148 1034 11.
1186 1004 1253 1033 Liv.
1274 1004 1323 1041 10,
1339 1003 1370 1040 7,

146 1049 173 1084 l,
187 1050 452 1079 certatum—inter
466 1049 544 1086 App.
564 1048 718 1076 Claudium
738 1048 862 1076 maxime
873 1044 981 1085 ferunt
994 1050 1024 1076 et
1039 1048 1116 1076 inter
1133 1047 1166 1076 P.
1183 1047 1315 1076 Decium.
1327 1062 1371 1068 —-

144 1089 415 1131 [Ira—capitalis]
440 1096 473 1119 ut
494 1091 610 1119 morbus
631 1090 777 1127 capitalis,
797 1094 897 1127 caput,
917 1088 1008 1118 vitam
1026 1095 1140 1126 petens,
1164 1088 1207 1118 ita
1226 1094 1260 1118 ut
1282 1089 1371 1118 aliter

141 1143 235 1171 quam
251 1134 375 1163 alterius
391 1133 487 1162 utrius
503 1138 598 1161 morte
613 1131 693 1160 finiri
709 1141 767 1160 non
783 1136 894 1169 posset.
919 1131 954 1159 ll.
969 1141 999 1170 χ.
1015 1130 1086 1167 261,
1099 1127 1230 1171 “Ἐκτορ,
1243 1128 1289 1171 μή
1305 1140 1372 1170 μοι,

142 1175 278 1214 ἄλαστε,
301 1173 536 1215 συνημοσύνας
559 1172 701 1214 ἀγόρευε,
727 1171 998 1212 ank—[vexet]
1022 1175 1147 1202 verbum
1169 1173 1207 1202 de
1229 1174 1372 1203 omnibus

142 1219 237 1248 animi
258 1218 537 1257 perturbationibus
557 1217 702 1246 usitatum
725 1214 876 1244 efficacius
896 1215 988 1244 etiam
1010 1225 1101 1253 quam
1120 1215 1251 1244 Bentleii
1264 1220 1370 1245 verset.

140 1276 184 1282 —
195 1259 341 1300 [Glauco]
366 1260 460 1298 Apud
486 1260 654 1288 Homerum
679 1258 801 1296 quidem
827 1257 951 1286 minime
979 1257 1106 1295 ignavus
1129 1263 1292 1296 comparet,
1315 1257 1370 1287 sed

141 1308 245 1332 tamen
261 1313 321 1332 non
337 1303 402 1332 sine
418 1303 548 1340 quadam
564 1299 707 1340 εἰρωνείᾳ
722 1301 756 1329 ll.
773 1299 799 1332 ζ,
815 1300 886 1335 234,
898 1296 993 1329 Ἔνθ’
1007 1298 1083 1329 αὖτε
1100 1297 1237 1339 Γλαύκῳ
1253 1299 1371 1340 Κρονί-

141 1342 201 1381 δης
215 1343 333 1386 φρένας
348 1343 472 1379 ἐξέλετο
489 1340 643 1380 Ζεὺς,“Ος
660 1342 742 1382 πρὸς
757 1339 911 1378 Τυδείδην
926 1340 1086 1382 Διομήδεα
1107 1340 1209 1381 τεύχε’
1225 1340 1371 1381 ἄμειβεν,

142 1386 277 1427 Χρύσεα
293 1387 467 1428 ,χαλκείων
493 1382 675 1425 ἑκατόμβοι’
706 1382 1110 1423 ἐννεαβοίων.-[ιηίεείε]
1134 1385 1162 1414 h.
1187 1385 1208 1415 l.
1230 1385 1368 1420 ‘oblatis,

139 1431 239 1460 datis.’
1307 1431 1309 1434 ’

182 1472 318 1508 20-27.
343 1469 571 1512 [Compositum]
589 1472 596 1486 ‘
606 1480 660 1508 par
673 1469 831 1509 ejusmodi,
847 1473 882 1497 ut
901 1478 962 1498 non
976 1468 1174 1506 compositum
1190 1468 1299 1498 melius
1313 1477 1370 1507 par

141 1515 181 1545 sit
195 1525 263 1545 cum
284 1515 375 1544 Bitho
392 1514 559 1543 Bacchius.'
607 1513 800 1551 Compositum
817 1517 919 1540 autem
935 1511 973 1539 ad
993 1511 1241 1548 depugnandum.
1284 1512 1369 1546 Aer„

142 1560 161 1574 “
172 1558 282 1587 Bithus
308 1565 338 1587 et
362 1557 509 1587 Bacchius
533 1555 735 1593 gladiatorum
757 1553 882 1583 nomina
907 1553 1058 1582 celebrata
1080 1554 1162 1591 apud
1189 1553 1369 1582 Suetonium

143 1601 358 1638 Tranquillum
368 1600 386 1613 ’'
413 1599 457 1636 (in
483 1598 566 1627 libris
591 1595 782 1635 deperditis).
793 1612 836 1617 —
847 1593 1060 1634 [procurrunt]
1083 1595 1114 1624 in
1135 1596 1197 1634 jus,
1221 1595 1308 1633 quasi
1337 1595 1368 1624 in

141 1652 291 1681 campum,
308 1649 341 1672 ut
357 1642 467 1671 milites
482 1641 562 1669 inter
577 1649 607 1669 se
629 1638 803 1678 pugnaturi.
848 1638 952 1666 Altera
971 1637 1060 1667 lectio
1075 1642 1251 1667 concurrunt
1265 1637 1369 1668 minus

135 1685 278 1724 ‘apposita
293 1691 338 1714 est
353 1685 392 1713 ad
407 1694 454 1713 vv.
470 1685 502 1712 in
514 1682 578 1721 jus.
593 1699 632 1704 —
644 1678 790 1720 [ridetur]
815 1680 952 1715 Persius;
977 1689 1037 1709 non
1060 1679 1312 1718 impersonaliter,
1334 1685 1371 1710 ut

139 1729 261 1756 volebat
291 1727 450 1756 Lamb.-——-
466 1722 648 1764 [Conventa]
677 1725 684 1739 ‘
697 1723 818 1752 Corona
842 1722 1015 1751 auditorum
1046 1722 1077 1750 in
1095 1722 1291 1760 judiciis-'-—
1303 1720 1368 1761 [eo-

140 1767 268 1809 hortem]
285 1770 450 1798 amicorum
466 1774 496 1796 et
511 1767 657 1796 comitum
677 1765 774 1801 Bruti,
797 1764 850 1803 qui
867 1765 986 1803 judices
1008 1765 1163 1794 sedebant.
1174 1780 1218 1786 —
1229 1762 1366 1804 [fertur]

140 1814 150 1829 ⁴
163 1822 199 1842 eo
222 1812 297 1847 loco,
320 1812 383 1846 ubi,
399 1811 470 1848 quia
492 1819 624 1848 praeceps
638 1814 683 1837 est
699 1808 773 1846 ripa,
790 1807 930 1836 torrentis
947 1803 1154 1847 (χειμάῤῥου)
1170 1806 1301 1845 impetus
1323 1813 1370 1836 est

139 1854 350 1884 vehementior
362 1853 491 1890 ideoque
503 1852 535 1880 in
550 1852 615 1880 loco
626 1850 794 1890 periculoso
807 1859 875 1879 raro
885 1849 1007 1879 arbores
1017 1849 1195 1879 caeduntur.'
1206 1865 1248 1870 —
1258 1847 1366 1889 [soleo]

140 1899 149 1914 ⁶
159 1906 262 1926 amaro
277 1902 307 1926 et
320 1895 487 1925 maledico!

183 1939 316 1969 28-35.
335 1937 495 1978 [multoque
509 1933 635 1975 fluenti]
653 1935 765 1970 Persio,
780 1934 909 1964 dativus.
933 1933 1016 1971 Virg.
1029 1934 1084 1962 Ge.
1103 1933 1132 1968 3,
1148 1933 1200 1967 23,
1214 1943 1367 1972 magnum-

139 1992 196 2021 que
203 1983 344 2020 fluentem
360 1981 473 2010 Nilum.
503 1979 588 2008 Dein.
606 1979 721 2007 Phaler.
739 1987 768 2016 p.
787 1977 855 2010 146,
873 1976 983 2011 Fisch„
999 1975 1053 2006 καὶ
1067 1974 1130 2015 γὰρ
1143 1973 1366 2024 μεταφέροντά

141 2023 210 2054 ἐστι
223 2021 313 2054 δεινά
328 2023 435 2053 ποιεῖν
451 2020 494 2058 ὡς
509 2019 556 2058 τό,
569 2020 577 2036 ‘
590 2020 644 2060 Τῷ
659 2018 794 2049 Πύθωνι
809 2015 1041 2059 θρασυνομένῳ
1057 2016 1109 2047 καὶ
1125 2016 1244 2057 πολλῷ
1257 2014 1366 2057 phou-te.

141 2065 211 2097 καθ’
223 2065 316 2107 ὑμῶν
331 2064 389 2095 οὐκ
401 2064 487 2099 εἶξα]
506 2062 610 2102 (Dem.
625 2064 662 2092 de
675 2063 743 2092 Cor.
756 2072 784 2100 p.
797 2062 868 2097 272,
883 2059 936 2099 R.)
946 2076 987 2082 —
1000 2058 1182 2099 [Expressa]
1200 2062 1208 2076 ‘
1219 2060 1367 2089 altissimo

140 2111 271 2138 elamore
294 2118 331 2138 ex
355 2109 486 2143 arbusto,
503 2107 534 2135 in
550 2115 610 2143 quo
626 2105 717 2134 ramis
732 2111 889 2143 coopertus
905 2103 1000 2138 sedet,
1015 2102 1149 2141 prolata!
1165 2118 1208 2123 -
1220 2100 1365 2141 [regerit]

141 2152 344 2190 *respondens
360 2149 491 2189 ingeri&
500 2165 542 2170 —
555 2145 794 2187 [Vindemiator]
809 2146 1050 2183 tetrasyllabum,
1064 2143 1149 2183 quasi
1162 2145 1366 2181 vindemiator,

139 2193 171 2223 h.
187 2194 207 2223 l.
223 2194 302 2223 vinae
325 2198 508 2232 putator.-
520 2187 684 2230 [cuculum]
703 2190 779 2219 Plin.
795 2189 842 2224 18,
860 2187 910 2224 (56,
929 2188 957 2223 2,
974 2195 1027 2217 XV.
1042 2187 1144 2217 diebus
1162 2188 1269 2226 primis
1285 2186 1368 2225 (post

141 2236 356 2274 aequinoctium
372 2234 513 2272 vernum)
529 2234 667 2272 agricoloe
686 2232 830 2270 rapienda
847 2235 915 2260 sunt
929 2240 974 2266 ea,
989 2230 1094 2269 quibus
1106 2229 1284 2268 peragendis
1298 2233 1367 2259 ante

140 2279 343 2318 :equinoctium
357 2288 413 2307 non
427 2277 586 2316 suffecerit,
607 2276 677 2304 dum
692 2276 769 2304 sciat
783 2274 851 2303 inde
865 2277 965 2302 natum
979 2272 1231 2310 exprobrationem
1244 2269 1363 2310 foedam

137 2322 308 2361 putantium
320 2322 394 2351 vites
412 2330 467 2361 per
484 2319 675 2349 imitationem
696 2321 800 2347 cantus
819 2317 902 2346 alitis
925 2315 1105 2354 temporarii,
1126 2324 1211 2354 quem
1231 2315 1370 2344 cuculum
