1390 2586
127 126 203 168 150
548 125 913 157 INTERPRETATIO.
1254 123 1344 166 [m.

122 227 130 242 ‘
142 226 301 255 tundendo
317 224 487 260 removerit,
502 234 571 254 cum
587 224 614 253 vi
638 224 822 259 excusserit:
843 225 967 254 verbum
983 223 1074 261 longe
1089 222 1238 254 efficacius
1253 233 1344 263 quam

124 268 259 307 ejusdem
274 269 362 306 gloss.
378 268 532 306 expulerit.
547 283 590 287 —
607 264 798 306 [Hymettia]
822 268 830 282 ¹
841 267 973 296 mulsum
994 271 1198 305 praeparatum
1218 275 1256 295 ex
1276 267 1345 295 dul-

122 310 242 340 cissimo
257 311 346 339 melle
362 309 462 338 Attico
477 315 507 338 et
522 309 593 338 vino
605 309 846 346 generosissimo,
868 313 968 347 spreto
987 309 1084 338 mulso
1105 307 1202 338 mixto
1221 317 1260 338 ex
1275 308 1345 338 vino

120 357 152 383 et
166 353 256 382 melle
271 351 443 381 communi.’
454 367 496 372 ——
507 349 610 390 [Foris
623 349 683 390 est]
702 352 709 366 ‘
722 350 819 380 Abest
832 360 954 389 promus
968 351 1092 386 condus,
1103 350 1252 386 cellarius,
1267 350 1345 379 adeo

122 399 159 424 ut
171 395 310 424 meliores
322 394 403 423 cibos
419 393 472 423 tibi
488 403 525 422 ex
540 403 621 432 penu
637 402 775 431 promere
790 393 838 422 vel
852 392 990 422 obsonari
1005 393 1201 431 nequeat.’-—
1211 390 1342 431 [atrum]

123 443 158 466 ut
171 438 227 466 Od.
242 437 274 475 3,
287 436 337 471 27,
355 436 403 470 18,
418 440 483 466 ater
494 437 783 465 Hadriam—sinus
793 446 804 464 :
827 435 837 451 ‘
847 445 930 464 mare
944 435 1075 473 agitatur
1089 435 1238 473 procellis,
1252 444 1345 473 prop-

124 484 170 509 ter
186 489 260 514 quas
275 488 365 507 nemo
381 488 461 507 nunc
477 477 584 516 piscari
599 477 716 516 potest.'
730 493 772 499 —
789 475 930 516 [hiemat]
947 475 1142 517 χειμάζεται.

167 522 297 551 18-22.
323 518 531 559 [Latrantem]
556 521 664 549 iratum
686 525 822 549 ventrem
845 525 931 549 vocat
950 520 1010 548 Sat.
1025 520 1054 554 2,
1072 519 1101 554 8,
1118 521 1148 548 5.
1162 535 1204 540 —
1220 516 1343 558 [Unde]

123 564 132 579 ‘
143 564 234 592 Unde
249 563 326 592 effici
343 568 372 592 et
386 562 501 600 acquiri
516 563 572 591 hoc
587 568 684 600 putas,
698 567 730 591 ut
742 567 857 591 tantam
871 562 931 590 vim
946 566 1007 590 tam
1022 562 1122 590 tenuis
1137 567 1168 590 et
1182 561 1249 590 vilis
1260 560 1344 590 cibus

121 605 233 635 habeat
243 605 319 635 2⁹—
334 603 380 644 [in
402 615 470 634 caro
490 603 608 643 nidore]
635 605 739 642 ‘grato
762 604 853 633 odore
876 609 966 642 atque
990 601 1094 644 ὄρεξιν
1115 603 1277 638 excitante,
1293 602 1346 640 qui

121 657 159 677 ex
182 648 255 677 cibis
279 647 416 686 pretiosis
438 646 553 675 oritur.’
595 648 656 676 Sat.
679 647 708 680 2,
738 646 767 681 7,
793 643 989 684 38.-[Τα]
1017 645 1078 675 Csr.
1104 646 1159 675 Od.
1187 645 1214 678 l,
1241 645 1271 680 9,
1297 644 1344 674 16.

121 687 412 729 —[pulmentaria]
443 698 461 718 a
486 698 513 718 ν.
538 689 640 727 pulpa,
668 698 727 717 non
754 689 846 727 pulte,
875 688 1000 717 obsonia
1025 693 1119 725 grata.
1134 703 1177 708 ———
1192 684 1347 726 [pinguem

121 731 219 772 vitiis]
239 735 245 748 ‘
258 732 378 761 luxurie
394 731 565 760 tumidum!
575 746 617 752 —
628 728 744 770 [albus]
769 731 849 760 color
863 729 997 760 hominis
1013 730 1103 759 vitam
1118 730 1239 758 mollem
1255 735 1346 766 atque

120 775 313 804 umbratilem
341 773 489 812 degentis,
518 771 820 813 ἐσκιατραφηκότος,
847 772 895 802 cui
918 769 1107 812 ἡλιωμένος,
1129 772 1192 801 sole
1213 772 1347 807 adustus,

120 817 292 856 opponitur.
331 817 380 846 Sic
402 815 555 854 -Sulpicia,
585 816 645 844 Sat.
678 815 727 850 36,
757 815 794 844 de
825 814 1007 850 Domitiano,
1041 815 1170 852 ingluvie
1197 814 1290 843 albus.
1305 829 1348 834 —

124 857 253 899 [ostrea]
277 859 471 896 bisyllabum‚
487 863 520 887 ut
536 858 596 887 Sat.
619 858 646 893 1,
671 858 700 889 8.
722 857 772 893 45,
792 854 1084 896 cerem—[scarus]
1109 856 1199 895 piscis
1216 856 1349 894 ignotus.

123 901 224 940 Epod.
251 903 281 938 2,
301 903 352 937 50,
376 902 542 930 sea-bream
568 898 621 939 (l).
644 901 714 930 Jam
739 899 857 928 Ennius
881 899 913 928 in
937 899 1106 936 Phegeticis
1130 898 1212 937 apud
1234 898 1346 937 Appul.

123 944 212 982 Apol.
232 954 260 982 p.
285 943 356 978 484,
375 944 454 975 Quid
475 953 589 972 scarum
610 943 753 981 proeterit‘,
776 943 924 972 cerebrum
938 941 1013 971 Jovi'
1032 951 1116 979 paene
1138 941 1292 979 supremi?
1305 955 1348 962 —

125 984 252 1026 [lagois]
270 986 289 1002 “
300 986 373 1015 Avis
387 985 515 1024 leporini
530 984 667 1014 coloris.”
690 985 800 1023 Porph.
821 983 1023 1022 (Ptarmigan,
1040 994 1072 1012 or
1084 985 1172 1013 white
1184 992 1290 1022 grause
1302 981 1332 1020 Ρ)

173 1029 308 1059 23-28,
333 1026 411 1067 [Vix
432 1032 528 1058 tamen
550 1025 690 1066 eripiam]
713 1026 723 1042 ‘
736 1027 830 1064 AEgre
851 1031 964 1061 tamen,
986 1026 1057 1060 scio,
1079 1026 1216 1064 quamvis
1238 1023 1348 1054 validis

123 1071 310 1109 argumentis
333 1080 452 1105 usurus,
475 1070 507 1099 id
532 1071 584 1098 abs
606 1075 635 1098 te
657 1068 810 1103 obtinebo,
834 1074 867 1098 ut
889 1067 1026 1107 apposito
1048 1068 1078 1096 in
1101 1068 1207 1100 mensa
1230 1076 1347 1105 pavone

123 1113 268 1152 gallinam
291 1112 453 1151 praeferas.’
496 1111 632 1141 Pavones
653 1116 754 1140 autem
778 1111 815 1143 Q.
840 1110 1022 1140 Hortensius
1042 1110 1158 1149 primus
1181 1109 1213 1138 in
1234 1109 1348 1138 mensis

124 1165 277 1194 apponere
300 1153 403 1184 docuit
425 1155 644 1184 Romanos.—
660 1151 809 1192 [tergere]
834 1153 947 1182 comice
973 1153 1010 1181 de
1035 1157 1122 1189 grato
1146 1160 1262 1190 sapore,
1287 1160 1348 1189 quo

122 1198 258 1236 palatum
282 1197 546 1236 permulcetur.——
560 1194 659 1235 [vanis
680 1194 795 1235 rerum]
830 1196 872 1225 Ut
894 1196 951 1224 Od.
975 1194 1004 1230 4,
1028 1194 1076 1229 12,
1101 1194 1149 1229 19,
1171 1203 1274 1224 amara
1297 1203 1348 1222 ca-

123 1250 233 1270 rarum.
247 1257 290 1262 -
307 1237 439 1278 [pandat
453 1237 636 1277 spectacula]
652 1237 662 1254 ‘
672 1239 807 1276 expansa
817 1237 914 1267 cauda
925 1237 1143 1276 pulcherrimos
1155 1245 1224 1265 suos
1235 1235 1349 1265 colores

123 1283 264 1311 ostendat
278 1281 437 1320 spectatori
453 1290 583 1319 eumque
598 1280 746 1310 delectet)
791 1280 941 1309 Construe
953 1289 960 1308 τ
984 1283 1131 1318 tamquam
1145 1279 1186 1307 ad
1199 1288 1260 1308 rem
1273 1278 1347 1307 atti-

123 1329 193 1355 neat
215 1325 384 1363 quidquam,
406 1325 476 1362 qm'a
497 1321 608 1362 (quod)
629 1327 740 1358 veneat,
757 1322 807 1360 &a
822 1338 863 1344 —
880 1319 991 1361 [cacto]
1010 1321 1120 1350 ‘Cocto
1141 1319 1252 1359 pavoni
1273 1329 1348 1348 num

122 1373 227 1396 manet
241 1368 347 1396 eadem
362 1365 567 1404 pulchritudo,
582 1375 650 1403 quae
665 1365 764 1394 fuerat
778 1364 870 1394 vivo?
895 1364 1023 1393 Minime
1038 1362 1128 1392 vero.’
1147 1360 1231 1401 [nam
1245 1360 1345 1401 adest]

126 1409 172 1438 De
188 1409 245 1438 hoc
262 1409 345 1438 hiatu
361 1408 561 1446 monosyllabi
577 1408 644 1436 vide
661 1407 835 1443 Schneider,
856 1406 923 1436 Lat.
941 1407 1069 1435 Gramm.
1085 1405 1112 1439 l,
1126 1415 1155 1444 p.
1174 1404 1242 1434 156.

164 1451 301 1482 29-30.
340 1449 591 1490 [Carne—distat
617 1451 704 1487 nihil,
731 1451 786 1479 hac
814 1450 908 1488 magis
934 1449 1072 1478 illam—
1086 1451 1115 1477 te
1139 1454 1239 1485 petere
1268 1443 1347 1485 esto]

123 1495 132 1510 ⁸
143 1493 290 1525 Quamvis
305 1494 386 1531 quod
401 1493 439 1522 ad
453 1502 573 1522 carnem
589 1492 697 1521 attinet
709 1500 786 1530 pavo
801 1491 877 1520 nihil
892 1491 984 1520 distat
997 1499 1015 1519 a
1029 1488 1152 1527 gallina,
1169 1495 1268 1518 tamen
1284 1495 1348 1517 esto

124 1534 198 1574 (hoc
221 1536 275 1565 tibi
298 1533 450 1573 condono)
473 1540 502 1564 te
525 1535 651 1564 externa
672 1533 798 1572 pavonis
820 1531 1047 1572 pulchritudine
1068 1532 1228 1569 deceptum
1251 1530 1348 1567 magis

123 1584 226 1617 petere
242 1579 332 1616 hujus
347 1587 468 1607 carnem
484 1587 575 1615 quam
590 1576 729 1614 gallinae;
752 1576 806 1605 sed
820 1575 896 1604 illud
916 1574 1051 1614 profecto
1065 1573 1275 1603 stultissimum
1292 1577 1348 1607 est,

123 1620 148 1650 si
168 1620 355 1656 distinguere
378 1620 422 1648 vis
444 1620 531 1657 lupos
553 1619 686 1657 ejusdem
709 1627 830 1656 prorsus
851 1617 955 1646 formae
980 1621 1010 1645 et
1032 1616 1140 1645 coloris
1162 1625 1200 1644 ex
1222 1614 1348 1644 diversis

122 1667 242 1692 tantum
257 1663 340 1698 locis,
355 1662 406 1691 ubi
419 1662 497 1699 capti
513 1661 604 1690 sunt!
641 1661 715 1690 Esto
730 1664 758 1689 te
769 1664 880 1698 petere,
895 1665 929 1688 ut
945 1659 1022 1698 Epp.
1040 1658 1068 1694 1,
1085 1658 1113 1693 l,
1128 1657 1178 1692 81,
1194 1658 1267 1687 Esto
1280 1658 1350 1686 alt't‘s

123 1706 198 1735 alios
217 1706 304 1734 rebus
323 1705 486 1743 studiisque
507 1705 609 1733 teneri.
653 1703 811 1741 Corruptae
831 1701 984 1731 lectionis:
1005 1701 1099 1730 distat
1115 1701 1160 1730 nil
1181 1701 1236 1729 hae
1254 1700 1350 1738 mag-'s

123 1748 189 1782 illd,
204 1748 372 1785 Imparibus
384 1745 493 1785 formis
514 1747 664 1784 deceptum
682 1749 709 1775 te
722 1749 816 1783 patet.
853 1745 935 1774 Esto.
980 1742 1247 1781 interpretationes
1268 1741 1350 1770 inter

123 1789 197 1819 alias
213 1794 283 1818 sunt
299 1789 361 1818 hae:
390 1789 414 1818 l.
433 1787 597 1820 ‘Quamvis
620 1788 710 1817 distet
732 1797 802 1816 caro
823 1786 943 1824 gallinae
965 1795 983 1815 a
1004 1784 1139 1824 pavonis,
1165 1790 1267 1814 tamen
1289 1793 1350 1812 non

123 1832 180 1861 hac
192 1831 287 1869 magis
302 1831 354 1860 illa
370 1830 484 1859 moveri
497 1830 576 1859 dicet
588 1839 669 1868 eum,
679 1830 731 1858 sed
744 1829 846 1858 formis
858 1828 1045 1867 imparibus!
1060 1828 1163 1857 Bothe.
1185 1827 1216 1856 2.
1232 1827 1348 1858 Quam*

125 1874 171 1903 vis
192 1874 249 1903 hac
271 1883 360 1902 carne
377 1871 526 1911 (gallinae)
545 1872 622 1901 nihil
644 1872 740 1910 magis
761 1871 852 1901 distat
874 1871 926 1900 illa
943 1869 1025 1909 (caro
1044 1867 1222 1908 pavonina),
1237 1874 1349 1902 tamen,

126 1917 182 1946 διο.
226 1916 316 1946 Nihil
329 1917 422 1954 magis
439 1915 545 1944 Graeco
560 1924 644 1944 more
660 1914 774 1943 dictum
789 1913 903 1952 accipio
918 1923 971 1952 pro
986 1913 1077 1942 nihilo
1091 1913 1196 1950 magis,
1211 1907 1304 1940 οὐδέν
1319 1919 1350 1941 τι

125 1956 275 1999 μᾶλλονε
300 1967 369 1987 nam
385 1958 481 1996 magis
495 1958 608 1987 distare
623 1966 678 1995 pro
691 1958 759 1996 plus
774 1956 833 1985 dici
849 1965 908 1984 non
925 1964 1010 1994 posse
1025 1962 1108 1993 puto.
1134 1954 1285 1983 Matthia.

166 2001 292 2030 31-33
326 1999 430 2040 [Unde
453 2001 553 2029 datum
574 1997 681 2038 sentis]
705 1999 838 2028 ‘Verum
860 1998 940 2027 unde
965 1997 1018 2026 tibi
1043 2005 1228 2030 concessum,
1250 1991 1349 2023 δυνα-

125 2041 185 2073 τὸν
208 2048 264 2077 est‚
289 2049 322 2072 ut
345 2051 449 2080 sapore
472 2042 650 2079 distinguas,
671 2038 939 2079 &mr—[lupus]
963 2035 1103 2079 λάβραξ,
1119 2037 1228 2076 (pilce.)
1254 2036 1351 2065 Lucil.

126 2086 187 2115 Sat.
200 2086 230 2120 4,
249 2086 334 2114 Illum
350 2086 464 2114 stamina
479 2085 624 2114 ducebant
638 2088 727 2123 atque
742 2084 868 2113 altilium
885 2083 964 2118 lanx,
981 2082 1071 2111 Hunc
1082 2084 1184 2119 pontes
1199 2077 1348 2108 Tiberim!

123 2128 180 2157 duo
204 2129 282 2157 inter
312 2127 410 2165 captu’
433 2127 542 2156 catillo.
587 2127 624 2155 In
654 2126 727 2164 lupo
753 2125 846 2164 igitur
870 2124 928 2154 tria
953 2123 1068 2162 saporis
1091 2131 1203 2160 genera
1239 2121 1349 2150 distin-

122 2171 258 2207 guebant
279 2170 427 2204 lurcones,
453 2169 540 2207 lupos
556 2174 658 2206 captos
673 2168 753 2197 inter
769 2169 843 2196 duos
857 2173 975 2205 pontes,
1000 2165 1032 2194 id
1054 2170 1109 2199 est,
1135 2163 1296 2192 sublicium
1319 2167 1350 2192 et

123 2213 316 2247 senatorium,
342 2212 422 2240 inter
439 2221 513 2249 quos
529 2211 638 2240 Cloaca
659 2210 793 2239 maxima
814 2210 917 2238 sordes
937 2207 1072 2246 antiquae
1093 2206 1176 2235 urbis
1196 2204 1350 2243 egerebat,

123 2254 233 2292 quibus
259 2255 354 2292 pisces
380 2254 599 2288 alliciebantur,
623 2253 669 2282 vel
693 2252 773 2281 inter
798 2250 959 2280 sublicium
983 2256 1014 2279 et
1039 2248 1232 2282 Fabricium;
1263 2247 1351 2284 lupos

122 2302 224 2335 captos
236 2296 274 2325 ad
288 2296 405 2326 Tiberis
420 2295 512 2330 ostia;
529 2295 560 2325 in
576 2295 637 2324 alto
652 2294 738 2331 mari,
750 2293 803 2332 qui
818 2293 941 2332 pessimi
956 2296 1052 2322 erant.
1062 2307 1104 2312 —
1116 2288 1208 2330 [hiet]
1226 2290 1245 2305 ‘⁴
1254 2288 1350 2329 pisces
