1390 2586
899 72 937 94 ¹—

422 113 689 174 sml'mrzum‘
719 135 809 163 ΜΒ.
833 135 863 163 1.
885 125 924 163 5.
1252 124 1304 164 13

520 278 523 282 ’
557 272 653 300 SATI
662 272 718 299 ΠΛ
749 271 787 299 V.

49 349 270 409 Egressum
292 349 442 406 magna
465 365 529 391 me
552 348 717 405 excepit
738 348 879 390 Aricia
902 347 1037 390 Roma

47 408 243 464 Hospitio
263 408 445 457 modic03
478 407 615 449 rhetor
636 421 770 448 comes
794 405 1057 456 Heliodorus,

48 465 286 508 Graecorum
308 466 431 522 longe
453 465 722 507 doctissimus.
784 463 888 505 Inde
913 463 1064 504 Forum
1088 463 1216 520 Appi,

46 522 270 565 Differtum
292 524 439 573 nautis,
464 522 715 578 cauponibus
736 527 860 577 atque
883 521 1084 578 malignis.

32 580 143 622 Hoc
162 581 240 622 iter
261 581 401 637 ignavi
422 580 645 629 divisimus,
668 579 790 620 altius
809 594 857 620 ac
878 593 951 620 nos
1272 582 1298 620 5

47 637 285 681 Praecinctis
306 653 455 679 unum:
488 637 608 679 nimis
630 645 692 678 est
711 637 847 693 gramis
870 635 1008 692 Appia
1028 636 1164 678 tardis.

46 694 132 738 Hic
152 711 242 753 ego,
267 705 433 752 propter
452 711 614 751 aquam,
638 695 746 750 quod
770 702 856 736 erat
878 694 1098 745 teterrima,
1122 694 1256 736 ventri

46 752 191 795 Indico
213 754 377 801 bellum,
401 763 608 795 coenantes
629 752 736 794 haud
758 752 894 793 animo
915 766 1034 807 aequo

46 810 302 867 Exspectans
324 811 505 852 comites.
566 810 658 852 Jam
680 825 762 851 nox
784 810 978 850 inducere
1000 809 1117 852 terris

47 866 239 918 Umbras,
262 878 304 910 et
324 869 427 910 coelo
447 867 676 909 diffundere.
697 867 815 923 signa
837 867 1024 923 parabat:
1247 869 1297 908 10

45 925 158 967 Tum
180 927 296 983 pueri
318 926 464 976 nautis,
490 926 625 982 pueris
647 925 831 967 convicia
852 933 986 966 nautae

46 982 256 1040 Ingerere.
322 983 418 1025 Huc
437 983 613 1040 appelle.
665 983 894 1024 Trecentos
916 982 1059 1024 inseris
1077 981 1086 1024 !
1119 981 1223 1025 ohe!

43 1040 138 1083 Jam
157 1043 254 1086 satis
275 1050 349 1083 est.
410 1041 525 1083 Dum
548 1056 602 1083 aes
623 1041 816 1097 exigitur,
840 1040 934 1081 dum
958 1040 1068 1081 mula
1090 1040 1252 1097 ligatur,

47 1097 156 1141 Tota
175 1099 262 1141 abit
282 1099 392 1141 hora.
455 1098 560 1140 Mali
583 1099 733 1140 culices
755 1113 947 1153 ranaeque
970 1098 1170 1154 palustres

46 1156 255 1199 Avertunt
274 1171 448 1198 somnos.
510 1158 739 1198 Absentem
763 1164 808 1197 ut
829 1164 965 1197 cantat
985 1155 1158 1197 amicam
1245 1158 1296 1196 15

46 1213 186 1256 Multa
208 1215 392 1270 prolutus
414 1216 547 1270 vappa
569 1223 692 1255 nauta
711 1223 835 1269 atque
857 1213 987 1254 viator

46 1269 260 1323 Certatim,
283 1272 447 1314 tandem
469 1273 598 1313 fessus
619 1273 796 1313 dormire
817 1271 947 1312 viator

46 1327 210 1385 Incipit,
234 1345 282 1372 ac
302 1329 434 1372 missae
455 1339 616 1386 pastum
638 1328 860 1371 retinacula
882 1328 1003 1370 mulae

45 1385 184 1428 Nauta
203 1387 322 1443 piger
341 1403 439 1429 saxo
461 1387 620 1443 religat,
644 1387 860 1442 stertitque
881 1387 1061 1442 supinus.

43 1443 220 1500 Jamque
241 1445 328 1486 dies
348 1445 500 1495 aderat,
524 1445 581 1485 nil
603 1460 695 1486 cum
719 1444 937 1500 procedere
961 1444 1126 1486 lintrem
1241 1447 1297 1486 20

47 1501 283 1553 Sentimus;
314 1503 446 1544 donec
467 1503 705 1544 cerebrosus
727 1502 886 1557 prosilit
908 1516 1024 1551 unus,

45 1561 111 1600 Ac
132 1560 264 1609 mulae,
289 1565 506 1616 nautaeque
529 1568 663 1616 caput,
689 1559 931 1614 lumbosque
953 1559 1113 1614 saligno

46 1615 173 1659 Fuste
194 1618 326 1660 dolat:
358 1618 502 1674 quarta
526 1618 594 1658 vix
615 1618 779 1658 demum
802 1616 1048 1672 exponimur
1071 1618 1180 1660 hora.

46 1673 133 1728 Ora
154 1690 378 1732 manusque
401 1678 472 1719 tua
494 1676 677 1724 lavimus,
705 1674 892 1724 Feronia,
916 1674 1098 1731 lympha.

46 1730 186 1774 Millia
205 1741 290 1774 tum
313 1734 448 1790 pransi
471 1733 547 1775 tria
566 1733 758 1788 repimus,
780 1741 904 1788 atque
925 1732 1109 1774 subimus
1240 1735 1296 1773 25

46 1788 289 1845 Impositum
310 1791 418 1832 saxis
440 1791 518 1832 late
541 1790 808 1832 candentibus
831 1791 992 1833 Anxur.

46 1845 146 1888 Huc
167 1858 362 1890 venturus
383 1858 470 1890 erat
494 1848 703 1890 Maecenas
725 1848 914 1903 optimus,
938 1855 1062 1903 atque

46 1903 270 1963 Cocceius3
286 1906 412 1955 ,missi
434 1907 591 1962 magnis
612 1906 663 1946 de
685 1906 806 1946 rebus
829 1914 1002 1960 uterque

10 1960 210 2029 &Le-*gath
232 1966 394 2005 aversos
414 1963 521 2004 soliti
543 1978 787 2023 componere
808 1963 971 2004 amicos.

10 2017 132 2061 *ch
151 2020 278 2062 oculis
299 2035 378 2078 ego
399 2020 516 2076 nigra
538 2022 637 2062 meis
659 2021 826 2076 collyria
849 2021 983 2076 lippus
1241 2022 1296 2061 30

45 2075 239 2120 Illinere.'
290 2078 455 2119 Interea
480 2077 688 2120 Maecenas
708 2078 887 2127 advenit,
910 2087 1035 2133 atque

29 2133 258 2184 Cocceius,
285 2135 517 2191 Capitoque
537 2135 656 2177 simul
682 2135 889 2185 Fonteius,
913 2135 960 2176 ad
986 2149 1168 2190 unguem

23 2175 196 2243 -Fizctus
218 2191 350 2242 homo,
376 2191 548 2242 Antoni,
572 2208 651 2234 non
675 2202 719 2235 ut
740 2193 869 2247 magis
891 2192 1005 2242 alter,
1028 2191 1196 2235 amicus.

42 2236 214 2302 Fiindos
237 2251 405 2292 Aufidio
429 2251 563 2291 Lusco
585 2260 756 2306 praetore
779 2251 956 2303 libenter

21 2319 25 2321 “
45 2301 307 2364 Einquimus,
329 2309 462 2350 insani
485 2308 662 2350 ridentes
681 2308 848 2364 praemia
867 2307 1023 2357 scribae,
1239 2311 1295 2350 35

47 2361 310 2418 Praetextam‚
334 2375 376 2408 et
397 2367 522 2409 latum
544 2366 716 2417 clavum,
740 2380 965 2422 prunaeque
988 2364 1186 2407 batillum.
