1390 2586
51 104 141 136 mr.
156 97 225 143 lm]
458 98 828 131 mTERPRETA'rIO.
1189 100 1271 143 213

511 245 721 275 EPISTULA
745 245 784 275 X.

77 333 216 369 Anum.
237 333 314 364 Cum
335 330 440 371 lepida
463 328 610 373 εἰρωνείᾳ
624 331 740 362 Aristio
757 332 864 368 Fusco,
883 331 994 362 intimo
1014 342 1070 362 suo
1091 332 1199 370 amico,
1216 331 1270 372 (de

58 377 212 413 uomfld.
235 375 264 413 l,
284 375 336 406 22.
359 375 420 405 Sat.
442 374 470 411 1,
494 376 524 411 9,
546 375 596 405 61.
625 375 673 411 10,
694 373 762 412 83.)
779 375 842 415 qui,
867 381 900 405 ut
925 376 1109 415 philologus,
1137 377 1170 406 in
1194 378 1270 407 urbe

42 428 159 455 omre
171 420 312 454 malebat,
326 419 533 448 rusticationis
548 419 708 448 commoda
723 424 754 449 et
766 419 880 458 gaudia
890 425 1022 455 enarrat,
1038 429 1171 459 eumque
1188 420 1269 449 Stoi-

51 463 254 495 innittentiis
268 462 458 498 exhortatur,
482 468 516 492 ut
536 469 616 492 sorte
636 463 693 492 sua
713 468 876 492 contentus
890 463 982 498 vivat,
1007 473 1118 501 neque,
1143 463 1270 493 forsitan

38 501 228 547 <mileion
241 506 436 536 incommodo
450 515 542 544 quam
558 506 652 542 lucro,
667 505 855 544 potentiores
870 506 992 536 ambiat.
1017 506 1137 546 Scripta
1148 507 1271 536 videtur

39 549 151 585 ‹itata-
165 557 195 580 Α.
212 557 243 580 u.
256 558 283 579 c.
299 548 370 584 737.

72 590 166 630 21—8.
191 590 321 634 [salvere
335 589 491 632 jubemus]
519 591 614 622 Solita
628 591 769 622 formula.
794 592 891 622 Plaut.
910 592 996 623 Asin.
1014 593 1044 626 2,
1061 593 1091 630 2,
1107 592 1158 627 30,
1174 593 1270 623 Jubeo

46 631 195 675 ff'sfflure
216 646 283 667 voce
301 637 424 670 summa,
445 635 495 675 ὅτ.
507 651 549 657 -
562 633 611 675 [at
632 634 748 673 cetera]
771 635 820 665 sic
835 636 910 665 cod.
929 636 1037 665 Bland.
1057 637 1220 674 antiquiss.
1238 642 1271 666 et

43 682 45 684 ’
86 698 94 713 ;
108 686 147 711 ut
161 679 246 718 Virg.
262 679 332 709 AEn.
351 678 380 714 3,
396 678 468 713 594.
487 678 636 708 Camerti-⁹
650 682 784 718 tegumen
798 680 901 717 spinis,
916 683 948 709 at
962 687 1061 710 cetera
1079 680 1199 716 Graius,
1215 680 1267 709 ubi

64 721 98 750 -·‘.s
124 723 146 753 l.
163 729 234 762 apte
250 723 311 752 duo
328 723 467 751 membra
480 721 578 760 magis
591 721 647 751 sibi
662 728 860 760 opponuntur
876 733 966 761 quam
984 723 1014 752 in
1032 723 1129 752 altera
1144 723 1212 753 lect.
1228 724 1271 752 ad

89 787 93 790 »
115 783 118 790 ι
155 766 237 806 quod
259 775 314 805 per
331 774 364 794 se
385 770 554 804 spectatum
579 774 666 803 aeque
690 770 807 794 rectum
831 771 887 795 est.
913 766 978 796 Liv.
994 766 1044 803 37,
1063 765 1092 802 7,
1110 767 1206 796 virum
1228 767 1271 797 ad

30 812 128 846 ,mm
140 810 300 850 egregium.
331 809 378 838 ld.
394 808 425 846 4,
438 808 487 846 26,
503 809 544 838 ad
557 808 620 838 alia
634 809 793 838 discordes.

63 851 165 884 4-9.
190 850 235 892 [et
250 849 344 891 alter]
367 851 478 881 ‘etiam
493 852 569 881 alter
584 856 687 890 negat,
708 852 884 890 pariterque
900 852 1007 882 eadem
1028 852 1215 891 probamus!
1226 868 1269 874 —

41 891 233 936 juvimus]
257 897 355 925 ‘nutu
370 894 564 934 probamusz’
586 895 638 924 sed
661 895 752 924 simul
773 895 866 924 refert
889 895 1045 925 columbos
1065 896 1146 934 ipsos
1171 901 1269 926 rostra

37 939 239 973 &entissime
254 946 510 968 conserentes.—-
522 935 646 978 [vetuli]
673 938 787 967 Matius
801 939 884 976 apud
900 939 979 968 Gell.
997 939 1047 975 20,
1064 939 1094 974 8,
1112 940 1268 970 Columba-

31 987 33 989 ’
45 981 140 1023 hque
156 983 242 1013 labra
259 991 411 1012 conserens
432 982 586 1012 labris.—-
598 979 800 1021 [circumlita]
825 982 1040 1018 ‘circumdata,
1064 983 1271 1012 obducta!—

29 1020 133 1070 (μά
159 1023 308 1065 quaerisP]
338 1024 468 1054 formula
493 1025 642 1054 sermonis
666 1025 837 1064 quotidiani
863 1025 948 1054 haud
971 1025 1150 1064 infrequens
1175 1026 1270 1056 etiam

66 1083 85 1103 μ
102 1085 106 1092 ι
130 1069 308 1099 Ciceronem
328 1067 382 1107 (ad
400 1069 462 1097 Att.
478 1068 507 1103 2,
527 1067 554 1104 l,
571 1066 652 1106 &c.),
669 1078 738 1107 quae
758 1068 882 1108 proprie
898 1068 1061 1107 significat,
1086 1072 1093 1085 ‘
1106 1079 1167 1099 non
1193 1079 1270 1108 opus

44 1133 46 1135 v
109 1116 145 1142 ut
166 1121 205 1142 ex
230 1121 280 1141 me
306 1121 443 1150 quaeras:
467 1111 548 1141 ultro
571 1111 625 1140 tibi
651 1112 755 1141 omnia
780 1109 1075 1152 &carust—[Vivo]
1101 1113 1184 1142 ‘vita
1199 1123 1270 1143 vere

61 1191 70 1197 ¹
92 1174 94 1179 ν
137 1155 222 1186 stuor
244 1160 276 1184 et
299 1164 354 1184 rex
377 1154 453 1184 mihi
478 1164 544 1184 esse
559 1155 685 1185 videor.’
729 1155 778 1184 Sic
792 1152 1183 1195 βασιλεύειν.-[]ενιί.ς]
1210 1157 1271 1186 Sal.

45 1199 62 1222 δ’
81 1201 83 1203 ’
114 1198 166 1236 63,
185 1199 326 1229 virtutem
349 1199 442 1228 animi
464 1199 506 1228 ad
528 1198 630 1228 calum
644 1196 816 1237 ferunt.—
830 1196 960 1238 [rumore
983 1197 1125 1238 secundo]
1151 1201 1159 1215 ‘
1173 1200 1272 1229 Simul

50 1241 66 1282 J
84 1255 97 1266 -ι
114 1256 119 1267 ι
140 1251 220 1272 uuus
234 1248 380 1278 vestrum,
399 1241 451 1280 qui
473 1241 565 1280 hujus
589 1241 750 1271 sententiae
770 1247 800 1271 et
822 1242 976 1280 opinionis
1001 1243 1165 1282 participes
1189 1243 1272 1280 estis,

44 1287 46 1291 '
88 1300 108 1312 :1-
132 1285 226 1316 vitam
255 1285 369 1321 iaudat,
396 1290 566 1314 ceterorum
595 1285 734 1314 omnium
763 1285 889 1324 plausus
919 1291 949 1315 et
977 1286 1125 1315 clamores
1148 1287 1272 1316 movet.'

65 1331 68 1336 ’
122 1328 204 1358 enim
230 1328 310 1358 inest
333 1329 366 1358 in
389 1328 518 1366 antiqua
541 1328 683 1366 formula,
708 1329 812 1368 populi
840 1339 956 1359 rumore
977 1330 1113 1364 secundo,
1139 1331 1202 1367 qua
1225 1330 1272 1360 usi

140 1506 164 1540 t,
182 1501 274 1532 allata
288 1507 320 1532 et
334 1502 542 1532 sacerdotibus
556 1502 672 1538 relicta,
692 1502 803 1531 horum
818 1502 914 1531 servis
937 1501 1093 1531 interdum
1115 1511 1171 1541 pro
1194 1512 1274 1541 pane

90 1547 95 1550 ”
132 1553 198 1575 ease
227 1545 389 1579 videntum
418 1546 483 1584 jam
511 1544 575 1584 joci
606 1546 698 1575 causa
723 1550 837 1580 narrat,
869 1554 966 1574 unum
994 1545 1160 1584 aliquando
1189 1555 1274 1576 mero

103 1597 124 1625 *a
144 1588 204 1618 eibi
227 1588 358 1618 nimium
381 1589 478 1618 dulcis
500 1589 592 1618 taedio
617 1589 656 1618 ab
681 1588 757 1618 hero
779 1587 945 1627 aufugisse,
969 1597 1030 1626 quo
1051 1589 1178 1618 tandem
1201 1598 1274 1619 vero

82 1662 97 1675 ,⁷
133 1629 566 1672 vesceretur.—[placentae]
593 1642 630 1662 ex
651 1631 751 1662 farina
777 1637 808 1661 et
826 1641 924 1667 caseo,
950 1632 1018 1661 oleo
1047 1631 1152 1667 frictae‚
1177 1642 1273 1671 papa-

104 1680 105 1683 ’
128 1683 255 1712 sesamo,
270 1675 361 1705 melle
375 1676 496 1710 oblitae;
522 1675 553 1704 h.
569 1675 589 1704 1.
604 1676 720 1705 eaedem
736 1685 806 1705 curn
822 1676 902 1713 libis,
919 1675 975 1704 etsi
998 1675 1130 1714 propriae
1145 1675 1211 1704 haec
1227 1675 1274 1706 dis

74 1735 93 1759 2¹
114 1722 246 1755 -antur,
275 1718 336 1748 illae
365 1718 446 1748 inter
475 1718 610 1748 crustula
633 1729 656 1748 s.
684 1718 832 1748 dulciaria
857 1716 1273 1758 referebantur.—[Vivere

30 1763 71 1803 ’,ἶ
84 1773 107 1803 μ’·
137 1759 424 1802 —convenienter]
449 1758 719 1802 ὁμολογουμένως
734 1760 774 1803 τῇ
793 1759 887 1802 φύσει
906 1760 968 1802 ζῇν
988 1762 1170 1800 pervulgata
1192 1763 1273 1792 Stoi-

8 1817 17 1829 =
104 1819 117 1830 ..
149 1809 215 1835 erat
230 1805 387 1835 doctrina:
411 1815 518 1835 verum
536 1805 682 1835 Horatius
696 1806 726 1835 h.
742 1805 761 1834 1.
778 1806 968 1844 populariter
988 1805 1135 1844 loquitur,
1159 1811 1193 1835 ut
1209 1806 1272 1836 Cic.

36 1854 39 1858 ’
70 1853 72 1855 ’
88 1844 182 1887 [segg.
199 1847 227 1883 l,
242 1847 294 1884 21,
308 1847 362 1882 56,
385 1849 444 1879 Sed
456 1853 536 1879 certe
556 1858 605 1878 rea
619 1850 665 1878 ita
679 1859 710 1879 se
725 1849 823 1884 habet,
847 1853 881 1878 ut
895 1859 931 1878 ex
951 1850 1062 1878 natura
1082 1850 1179 1879 vivere
1193 1859 1274 1879 sum-

46 1891 70 1930 ⁵,
123 1891 226 1922 bonum
239 1892 342 1927 3-1ήίιί
355 1895 409 1927 est,
426 1893 504 1921 υἰίἀ
522 1893 662 1922 modica
681 1896 715 1922 et
737 1894 827 1930 apta
847 1893 989 1921 virtute
1009 1889 1136 1930 perfrui.
1179 1891 1274 1922 ‘Huc

35 1971 39 1974 γ
95 1948 127 1959 vm
148 1934 281 1974 pertinet
296 1935 389 1964 etiam
404 1935 554 1964 habitatio
569 1940 687 1965 naturae
703 1935 808 1964 usibus
823 1935 1003 1970 inserviens,
1019 1935 1067 1964 cui
1084 1940 1156 1964 ante
1169 1936 1275 1965 omnia

66 1982 69 1985 ”
99 1974 102 1978 ’
119 1975 153 2016 (a
165 1975 237 2016 cite)
252 1978 396 2017 eligenda
411 1983 467 2014 est,
491 1977 524 2007 id
544 1979 627 2016 quod
648 1978 763 2017 optime
779 1978 813 2007 fit
827 1979 902 2014 ruri,
927 1978 980 2008 ubi
995 1979 1093 2007 beatae
1109 1979 1179 2008 vitae
1195 1979 1273 2009 nihil

65 2014 73 2023 ’
95 2037 101 2043 ν
142 2019 204 2048 ’,--
215 2021 307 2051 Domo
322 2021 449 2060 antique
464 2030 520 2059 pro
534 2023 632 2051 domui
646 2027 692 2050 est
711 2021 873 2060 aliquoties
893 2022 977 2060 apud
993 2021 1144 2051 Catonem
1160 2020 1216 2061 (R.
1233 2023 1272 2053 R..

72 2087 83 2106 5
123 2061 206 2103 ἂι).
249 2065 285 2094 ln
301 2074 386 2103 seqq.
402 2065 551 2094 Sabinum
565 2073 655 2094 suum
671 2064 805 2103 respicit.

66 2111 94 2139 .³³
146 2105 195 2142 17.
219 2103 350 2146 [rabiem
376 2104 483 2147 Canis]
509 2107 656 2137 Canicula
679 2108 818 2137 exoritur
843 2108 969 2147 quidem
997 2115 1026 2137 Α.
1043 2115 1074 2136 1).
1100 2115 1178 2137 X111.
1202 2108 1271 2139 Kal.

27 2163 29 2166 ·
64 2154 81 2189 ,j
122 2147 195 2190 (20
209 2150 258 2180 die
275 2150 319 2180 M.
337 2149 439 2190 Julii,)
462 2150 516 2180 sed
540 2156 668 2189 apparet
689 2159 746 2180 vu.
768 2151 835 2180 Kal.
860 2151 916 2191 (27
937 2151 1015 2186 Jul.)
1042 2151 1210 2180 Schneider
1231 2153 1271 2182 ad

26 2227 27 2230 Ἰ
52 2226 53 2229 ¹
74 2186 150 2224 ’,ηοω
172 2192 220 2229 ll,
241 2194 270 2228 2,
291 2193 342 2224 53.
387 2194 437 2223 Sol
463 2194 558 2223 intrat
583 2194 718 2223 Leonem
739 2194 781 2224 23
804 2195 855 2224 die
880 2195 924 2225 M.
941 2194 1078 2224 Julii.-—
1092 2191 1268 2236 [momenta]

112 2249 115 2252 *
141 2259 145 2261 >
182 2236 329 2266 circuitus
344 2237 492 2274 coelestes,
518 2236 571 2275 qui
586 2246 622 2266 eo
637 2242 776 2276 tempore
794 2237 883 2273 fiunt,
908 2247 969 2276 quo
984 2237 1034 2267 Sol
1050 2244 1096 2267 est
1110 2237 1142 2267 in
1159 2238 1271 2269 Leonis

26 2278 29 2281 ⁴
86 2285 88 2287 ’
108 2292 111 2302 ·
131 2283 223 2318 atque
239 2280 267 2309 vi
284 2280 391 2309 caloris
407 2285 502 2310 terras
518 2281 627 2318 urget?
672 2280 794 2310 Poetice
809 2291 874 2310 rem
890 2281 932 2310 sic
948 2281 1104 2319 exprimit,
1124 2286 1159 2311 ut
1173 2281 1269 2320 fingat

89 2322 97 2326 ”
127 2336 129 2338 ·
146 2338 150 2348 -
183 2323 223 2354 ad
237 2322 372 2353 furorem
388 2323 514 2354 excitari
527 2323 606 2354 Solis
621 2321 714 2354 radiis
729 2326 835 2362 acutis,
850 2334 921 2354 eum
936 2325 1179 2363 penetrantibus.
1209 2326 1267 2356 Od.

163 2366 193 2398 9.
