1390 2586
45 128 49 151 ἑ
145 115 170 140 ι.-
187 103 255 148 18.]
501 105 875 136 INTERPRETATlo.
1226 106 1313 149 235

55 200 62 221 f
75 243 77 245 Ι
105 218 138 241 η
158 204 300 250 (ffafly).
322 205 408 244 Virg.
424 205 496 236 AEn.
514 206 544 242 5,
560 205 633 240 688,
657 207 685 236 si
703 207 778 246 quid
787 207 888 246 pietas
901 208 1027 247 antiqua
1042 207 1158 238 labores
1172 208 1310 247 Respicit

123 250 133 261 ‘'
158 248 378 290 m.—[Quid
397 250 434 280 de
457 247 586 290 quoque]
612 250 621 266 ‘
637 250 711 288 quid
736 250 774 279 de
796 259 981 289 quocunque
1002 250 1127 280 homine
1153 251 1312 281 dicas.'--

51 289 70 291 ⁷*
130 297 139 304 '
176 291 234 334 ιιι]
257 293 402 323 tralatum
415 298 462 323 est
477 303 495 322 a
510 293 631 332 sagitta.
641 309 685 314 —
695 291 920 334 [irrevocabile]
946 294 986 324 A.
1002 294 1036 324 P.
1051 294 1124 331 390,
1147 297 1241 325 nescii
1255 306 1310 326 vox

132 338 285 369 ‹rr-everti.

101 380 238 413 65—68.
261 377 443 420 [quondam]
469 384 504 409 ut
526 379 584 409 Od.
601 381 633 418 2,
657 379 706 414 10,
726 380 774 410 18.
804 380 866 410 Sat.
882 380 911 416 2,
938 381 967 416 2,
992 381 1043 417 82,
1067 391 1122 420 pro
1145 382 1306 412 interdum.

40 451 42 455 ,
63 425 149 458 ,Ubi
170 423 336 459 acciderit,'
363 423 475 462 inquit,
498 422 509 439 ‘
524 429 559 452 ut
575 423 611 459 is,
634 433 726 462 quem
746 429 778 453 tu
794 425 928 462 probum·
947 434 982 453 ac
998 426 1183 463 prudentem
1207 425 1308 455 homi-

57 466 70 506 ’ἃ
100 483 123 494 =·
157 476 224 498 esse
246 466 412 496 arbitratus
432 466 563 506 principi
587 467 678 496 alicui
709 466 776 496 viro
804 467 1044 501 commendatas,
1082 468 1245 505 indignum
1276 479 1309 499 se

52 521 58 529 ·
135 509 401 542 commendatione
423 509 547 549 propria
569 510 660 548 culpa
683 509 852 540 reddiderit
874 517 904 540 et
919 510 1046 540 fautoris
1061 512 1162 549 gratia
1177 512 1309 548 excidat,

59 587 62 590 ῃ
104 569 118 582 ,ι
158 554 213 584 tufi,
243 553 345 593 priore
377 563 431 593 spe
461 553 556 583 falsus
583 554 689 583 desine
720 563 791 583 eum
823 553 914 590 tueri,
946 554 1018 593 quia
1041 555 1205 593 indignum
1229 556 1309 586 nihil

0 629 2 640 θ
35 593 73 626 ἠ
93 597 188 634 nbis,
215 602 311 627 temet
333 596 432 635 ipsum
454 596 592 626 stultitiae
615 603 790 636 suspectum
813 597 904 627 facies
932 607 967 627 ac
990 597 1093 635 fidem,
1125 609 1194 637 quae
1217 606 1310 629 antea

74 650 115 672 ῚῚ’1
138 641 340 675 tribuebatur,
372 639 549 670 imminues.
603 640 772 678 Indignum
802 640 897 679 igitur
918 641 1046 670 missum
1066 641 1125 676 fac,
1157 647 1190 672 ut
1214 638 1308 680 (ἵνα,

0 683 2 686 ’
37 674 135 724 Ῐ“·ιιο)
158 683 255 724 possis
279 689 364 713 tanto
387 681 502 722 majore
524 693 594 713 cum
610 684 723 713 fiducia
739 683 817 713 tueri
834 684 1041 720 innocentem,
1064 686 1117 714 sed
1142 686 1224 715 falsis
1247 687 1307 716 cri-

69 745 71 748 ·
91 728 194 758 nibus
215 727 461 757 circumventum
483 733 575 766 atque
598 727 851 766 oppressum.’—
869 725 1048 768 [fidentem]
1075 732 1082 744 ⁴
1108 729 1150 758 Ut
1174 729 1225 758 ine
1251 729 1308 759 tibi

100 771 183 801 nitus
204 776 381 810 perspectus
403 775 450 800 est
471 779 508 799 ae
530 772 686 809 probatus,
709 771 752 799 sic
774 781 878 800 rursus
902 781 1024 800 omnem
1048 782 1133 801 suam
1159 772 1308 802 fiduciam

35 827 85 841 -=›
115 819 145 844 te
167 814 298 853 reponit,
322 819 353 843 et
374 823 430 853 pro
451 813 527 843 falso
548 814 647 843 amico
669 814 778 843 merito
801 820 832 844 te
854 814 988 851 habebit,
1020 814 1046 844 si
1069 825 1140 845 eum
1164 825 1224 846 non
1250 817 1306 846 de-

51 866 57 873 ·’
69 857 204 891 oderis,
226 857 281 887 sed
294 856 486 887 deserueris.'

35 896 38 933 ζ
67 902 69 906 “
100 900 151 932 69.
190 897 322 941 [Dente]
361 901 370 916 ‘
386 900 480 936 Quid,
508 900 591 939 quod
611 900 703 930 etiam
734 901 858 940 propria
882 901 999 931 utilitas
1022 902 1080 931 hoc
1105 902 1246 940 requirit,
1270 908 1306 933 ut

31 964 38 979 s
57 942 166 974 'nanis
198 943 328 974 crimina
357 943 390 973 in
424 943 556 973 amicum
586 945 723 984 conjecta
752 945 888 974 refutes?
930 954 1001 974 nam
1026 945 1178 983 malignus
1201 946 1306 976 crimi-

45 990 157 1025 mator,
184 987 313 1027 jamjam
346 986 491 1016 audacior
513 986 610 1017 factus
646 993 678 1017 et
706 988 878 1027 praevidens
902 994 932 1018 te
962 988 1094 1018 vicissim
1123 991 1162 1018 ab
1195 990 1304 1027 amico,

54 1039 150 1061 ··uem
172 1029 344 1070 prodidisti,
377 1029 560 1060 destitutum
589 1030 636 1067 iri,
666 1041 738 1060 mox
771 1037 801 1061 te
831 1042 953 1070 quoque
983 1033 1060 1061 clam
1090 1032 1246 1062 adorietur
1275 1039 1307 1063 et

119 1074 206 1104 edico
229 1074 321 1104 dente
344 1074 468 1113 carpet!
483 1090 526 1095 —-
543 1072 726 1114 [Theonino]
758 1075 777 1090 ‘⁴
795 1075 914 1111 Theon,
937 1075 1108 1111 libertinus,
1136 1076 1306 1106 dicacitatis

85 1116 262 1147 aritudine
283 1122 395 1156 praeter
416 1122 532 1147 ceteros
558 1117 602 1147 ita
624 1123 787 1156 patronum
810 1128 899 1148 suum
930 1119 1133 1157 exasperavit,
1155 1125 1190 1148 ut
1213 1120 1305 1150 domo

53 1161 123 1200 flue
142 1165 386 1190 summoveretur
407 1165 438 1190 et
458 1161 681 1200 quaternario''
708 1161 755 1199 (id
774 1167 829 1198 est,
846 1162 1031 1201 quadrante)
1058 1163 1076 1177 ‘¹
1093 1163 1194 1200 legato
1210 1165 1304 1202 jube-

38 1199 142 1237 ¹tetur·
156 1209 268 1233 restem
284 1203 343 1234 sibi
362 1204 528 1243 palumque
547 1214 660 1234 emere.
706 1205 764 1234 Per
787 1205 871 1235 hunc
892 1215 965 1243 ergo
981 1206 1121 1235 maledici
1138 1212 1167 1235 et
1184 1207 1304 1236 detrac-

32 1260 50 1286 j
69 1256 137 1278 ores
158 1246 406 1285 intelliguntur.¹²
430 1247 536 1277 Comm.
565 1248 615 1277 Cr.
630 1264 673 1269 —
692 1247 951 1288 [circumroditur]
990 1249 1052 1279 Cfr.
1077 1250 1137 1279 Sat.
1158 1249 1185 1285 l,
1211 1250 1241 1286 4,
1263 1250 1302 1281 81

56 1288 115 1331 ‘72
136 1290 246 1320 harum
268 1288 423 1330 Eclogg.)‚
447 1291 528 1330 Epp.
544 1292 574 1327 2,
594 1291 621 1326 l,
639 1291 707 1321 150.
753 1293 816 1322 Cic.
841 1302 896 1331 pro
915 1293 1020 1328 Balbo,
1037 1292 1087 1328 26,
1110 1293 1197 1323 More
1213 1295 1305 1323 Immi-

53 1331 58 1334 ”
107 1351 109 1356 ν
144 1335 287 1370 invident,
310 1335 341 1364 in
363 1335 502 1364 conviviis
523 1336 642 1371 rodunt,
665 1336 696 1365 in
717 1336 837 1366 cir‘culis
856 1336 1005 1372 vellicant,
1026 1347 1081 1366 non
1102 1337 1152 1366 illo
1172 1338 1302 1374 inimico,

69 1395 71 1397 -
94 1393 98 1401 r
122 1378 175 1408 hoc
187 1378 331 1408 maledico
344 1377 432 1407 dente
446 1381 583 1416 carpunt.

98 1419 150 1457 73,
175 1419 228 1456 74.
273 1420 441 1450 Sententia}
466 1421 510 1450 sic
534 1426 775 1451 connectuntur:
810 1422 944 1461 primum
974 1428 1043 1461 post
1066 1424 1189 1452 brevem
1218 1423 1302 1454 illam

18 1462 275 1502 'Q’ressionem
303 1473 349 1494 vv.
374 1463 511 1499 81—85,
540 1466 592 1504 qui
616 1465 832 1495 Dente—vires
862 1466 1015 1495 sententia
1037 1466 1175 1504 generali
1197 1466 1305 1498 Dulcis

31 1504 35 1506 ’
87 1509 204 1538 ,cuit
228 1507 309 1537 viam
331 1506 390 1536 sibi
415 1507 517 1538 munit
545 1508 585 1537 ad
609 1517 723 1537 novum
750 1514 955 1548 praeceptum:
988 1514 1030 1545 tu,
1060 1511 1130 1539 dum
1158 1514 1220 1547 tua,
1251 1510 1302 1551 ᾇτ’.

26 1571 27 1574 ¹
52 1549 166 1590 ngrgo
189 1550 242 1580 ubi
267 1555 412 1590 expertus
435 1550 496 1580 eris
519 1551 587 1581 talis
609 1551 753 1581 amicitiae
779 1552 1002 1590 difficultatem,
1027 1563 1148 1592 semper
1173 1559 1302 1591 metues,

51 1598 54 1602 ”
117 1594 167 1624 vel
191 1599 316 1633 propter
339 1594 421 1624 leves
445 1603 562 1630 causas,
591 1600 711 1624 mutato
735 1595 904 1634 aliquando
929 1595 1056 1626 fautoris
1080 1596 1112 1626 in
1137 1602 1166 1626 te
1189 1597 1303 1635 animo,

17 1646 20 1651 ⁴
79 1635 87 1644 '
122 1637 256 1668 ’ndatun
315 1637 436 1676 ltaque,
470 1638 544 1667 dum
579 1639 659 1668 bono
698 1648 767 1668 cum
803 1649 944 1668 successu
975 1640 1012 1669 ea
1052 1639 1158 1676 uteris,
1199 1640 1232 1670 in
1265 1650 1303 1671 eo

40 1676 55 1708 ’,
108 1690 180 1710 nue
215 1681 348 1717 elabora,
388 1690 426 1710 ne
452 1681 555 1711 subito
588 1681 669 1720 regis
698 1682 741 1711 tui
771 1683 872 1720 gratia.
898 1683 1034 1713 excidas.
1093 1682 1304 1714 Accommoda

54 1722 151 1754 'tur
179 1723 319 1754 animum
349 1724 538 1763 affectusque
567 1729 636 1754 tuos
665 1725 704 1754 ad
734 1725 817 1755 illius
848 1726 974 1755 affectus
1001 1736 1036 1756 ac
1065 1728 1188 1761 studia;
1230 1737 1302 1757 nam

12 1767 18 1771 ’
46 1771 197 1809 31·tentes
219 1767 277 1797 hoc
303 1767 389 1797 velut
413 1777 469 1797 suo
494 1769 567 1807 jure
589 1769 755 1807 postulant,
787 1775 820 1799 ut
843 1769 969 1799 clientes
996 1770 1104 1799 eadem
1132 1777 1302 1809 sequantur

50 1810 85 1843 ᾖ·
115 1810 226 1850 emque
241 1811 332 1840 modo
347 1810 474 1840 animati
490 1811 552 1840 sint
566 1817 658 1850 atque
674 1812 742 1851 ipsi.
781 1812 892 1851 ltaque
908 1815 990 1843 deme
1005 1815 1162 1852 supercilio
1176 1814 1302 1844 nubem?

58 1879 71 1883 -
127 1851 280 1894 [cultura]
311 1855 319 1870 ⁶
342 1854 490 1891 studium,
520 1855 603 1893 quod
631 1855 664 1884 in
693 1857 812 1886 colendo
840 1856 1011 1894 potentiore
1039 1857 1136 1886 amico
1166 1858 1302 1896 ponitur,

49 1902 147 1947 {wem
177 1907 298 1927 summo
328 1897 476 1936 obsequio
507 1907 542 1927 ae
573 1898 770 1928 veneratione
801 1909 1024 1938 prosequamur
1059 1910 1182 1930 necesse
1212 1901 1301 1936 estg'

10 1963 11 1966 ,
59 1957 77 1974 ,·
98 1940 118 1971 fl
140 1940 265 1979 quidem
288 1940 512 1978 significatione
533 1951 561 1971 v.
578 1943 697 1971 cultura
719 1942 840 1972 videtur
863 1941 958 1978 ἅπαξ
972 1941 1220 1983 λεγόμενον.-
1233 1944 1303 1982 [tua

48 1979 64 1992 '³
103 1984 124 2007 ιι·
151 1985 183 2014 in
197 1985 259 2014 alto
273 1981 334 2023 est]
357 1990 391 2013 ut
409 1984 523 2014 Tibull.
539 1985 587 2014 El.
606 1984 634 2020 l,
657 1986 688 2022 5,
703 1985 754 2022 76,
778 1987 809 2016 in
825 1987 942 2026 liquida
957 1991 1018 2016 stat
1035 1989 1091 2016 tibi
1106 1989 1197 2017 linter
1211 1989 1301 2028 aqud,

97 2025 106 2033 ’
134 2026 313 2065 designatur
338 2027 435 2057 facilis
460 2032 491 2057 et
515 2029 677 2067 expeditus
705 2039 822 2059 cursus.
868 2030 963 2060 Recte
993 2030 1088 2068 igitur
1110 2031 1300 2070 Porphyrio:

60 2083 70 2093 ›·
86 2069 197 2102 -Quum
212 2079 393 2109 prosperum
408 2080 530 2100 cursum
547 2071 689 2102 amicitiae
705 2073 821 2102 tenes.'’

56 2110 148 2149 ἋΊΒ,
163 2112 213 2149 77.
253 2111 395 2153 [agilem]
427 2110 686 2155 δραστήριο,ν.-
700 2115 849 2154 [remissi]
875 2118 883 2133 ‘
899 2116 1013 2146 lentius
1034 2126 1069 2146 ac
1092 2117 1300 2156 negligentius

65 2159 70 2162 ”
93 2155 244 2186 omnibus
257 2158 348 2186 rebus
363 2157 475 2186 versari
491 2158 593 2189 soliti.¹

56 2235 61 2237 ‘
94 2197 231 2236 'ua—80.
257 2198 406 2239 [Potores,
421 2198 488 2241 ‹ge-a]
516 2201 592 2231 Duae
615 2201 748 2232 rationes
767 2202 960 2242 potissimum
981 2209 1064 2242 sunt,
1085 2209 1210 2243 propter
1224 2214 1302 2243 quas

55 2248 68 2275 ᾗ
90 2262 103 2272 .
116 2242 238 2272 uncinis
253 2243 371 2273 inclusa
381 2253 451 2273 cum
468 2244 645 2274 Meineckio
665 2250 696 2275 et
714 2246 858 2275 Pottierio
874 2256 928 2285 pro
943 2247 1110 2277 subdititiis
1125 2248 1240 2279 habeo:
1268 2247 1300 2287 l)

55 2300 75 2324 ,ζ
90 2301 93 2308 s
110 2300 113 2311 ·
138 2286 249 2316 tructio
263 2286 330 2326 ipsa
343 2296 398 2326 per
413 2296 445 2316 se
460 2287 626 2326 ambigua:
651 2289 745 2319 bibuli
761 2288 943 2329 (⁶potu1enti
954 2291 972 2320 ε’
993 2290 1100 2321 Comm.
1115 2290 1220 2332 C'ruq.)
1238 2291 1301 2321 vini

52 2335 74 2365 ff
131 2328 198 2364 rniz
227 2330 276 2359 vel
302 2331 408 2369 pocula
437 2330 573 2363 Falerni.
618 2330 705 2362 Prior
730 2341 803 2362 sane
831 2332 956 2362 fulcitur
985 2343 1075 2364 versu
1106 2344 1176 2364 vere
1203 2336 1301 2364 Hora—

43 2413 47 2420 .
79 2390 81 2393 -
108 2380 153 2411 ·o‚
172 2381 212 2403 ex
226 2382 288 2412 quo
303 2373 353 2404 hic
368 2374 456 2404 fictus
471 2380 527 2412 est,
548 2375 629 2415 Epp.
647 2374 674 2413 l,
693 2375 741 2414 14,
756 2375 798 2406 34
825 2375 882 2417 (20
902 2375 1012 2407 harum
1027 2377 1184 2419 Eclogg.),
1209 2379 1302 2412 Quem
