1390 2586
374 121 693 152 EPISTOLARUM
723 121 812 150 LIB.
835 121 885 149 11.
910 109 948 150 1.
1229 111 1294 150 89-

39 224 181 276 Quum
201 235 312 268 recte
333 231 509 268 tractent
528 224 611 276 alii,
633 223 798 266 laudare
819 222 999 280 maligne
1011 237 1023 272 ;

38 283 118 326 llle
138 299 210 340 per
229 290 441 325 extentum
465 283 603 324 funem
627 281 726 323 mihi
746 296 863 338 posse
884 280 1047 322 videtur
1200 282 1285 324 210

37 339 107 383 Ire
128 349 259 398 poeta,
280 355 417 382 meum
439 339 510 396 qui
531 348 674 396 pectus
694 339 868 381 inaniter
887 338 1016 395 angit,
1149 338 1156 343 ’
1297 350 1299 356 ·

29 397 190 451 ἸΙ-τίτθη,
210 398 374 447 mulcet,
397 397 507 439 falsis
529 397 748 440 terroribus
770 396 924 452 implet,

40 454 104 498 Ut
122 470 278 512 magus,
303 464 344 498 et
363 455 484 497 modo
506 470 570 496 me
592 455 763 504 Thebis,
787 454 906 495 modo
926 453 1043 509 ponit
1065 451 1255 493 Athenis.

37 511 194 554 Verum
215 529 306 570 age,
331 522 373 554 et
393 512 468 562 his,
492 512 562 568 qui
584 527 627 554 se
649 511 790 554 lectori
812 511 977 554 credere
999 510 1169 560 malunt,

38 568 176 619 Quam
198 571 436 626 spectatoris
456 570 618 612 fastidia
638 571 743 611 ferre
765 569 943 625 superbi,
1201 569 1285 608 215

39 626 190 670 Curam
213 628 336 670 redde
358 628 536 678 brevem,
558 627 592 669 si
614 642 761 668 munus
783 626 978 682 Apolline
1000 625 1171 682 dignum

37 683 114 727 Vis
133 686 339 740 complere
358 685 485 735 libris,
508 694 549 727 et
569 685 728 726 vatibus
748 684 896 726 addere
919 684 1061 734 calcar,

40 741 103 786 Ut
121 743 257 784 studio
276 744 431 799 majore
452 751 595 799 petant
618 742 823 784 Helicona
844 742 1057 783 virentem.

39 799 178 842 Multa
198 801 365 856 quidem
389 799 504 842 nobis
525 799 696 841 facimus
717 799 821 841 mala
841 815 950 856 saepe
971 806 1104 854 poetae

40 856 125 912 (Ut
137 857 275 900 vineta
290 866 455 915 egomet
474 857 624 900 caedam
646 859 772 910 mea),
789 872 914 913 quum
939 857 1012 900 tibi
1034 857 1182 897 librum
1202 858 1287 897 220

39 915 224 958 Sollicito
245 916 400 965 damus,
423 923 494 957 aut
514 915 642 964 fesso3
675 930 800 970 quum
825 915 1021 964 laedimur,
1046 929 1172 955 unum

41 971 86 1014 Si
107 973 199 1029 quis
218 973 439 1015 amicorum
461 980 523 1014 est
541 987 663 1014 ausus
683 972 930 1028 reprendere
954 987 1112 1014 versum
1129 988 1140 1022 ;

38 1029 180 1079 Quum
202 1031 289 1072 loca
301 1031 389 1087 jam
411 1030 578 1072 recitata
599 1030 844 1071 revolvimus
865 1029 1102 1078 irrevocati;

39 1086 182 1137 Quum
203 1088 485 1138 lamentamur,
509 1103 589 1128 non
610 1103 807 1144 apparere
830 1087 990 1129 labores

39 1143 225 1196 Nostros,
248 1154 290 1188 et
310 1145 423 1188 tenui
445 1145 619 1187 deducta
639 1154 827 1201 poemata
847 1145 939 1195 filo;
1202 1147 1287 1185 225

39 1201 181 1252 Quum
203 1218 426 1260 speramus,
449 1218 498 1244 eo
520 1218 603 1244 rem
625 1211 852 1252 venturam,
876 1210 933 1252 ut,
956 1201 1202 1258 simulatque

38 1259 236 1302 Carmina
255 1260 440 1303 rescieris
461 1276 532 1302 nos
554 1260 725 1317 fingere,
749 1260 985 1302 commodus
1006 1259 1114 1302 ultro

38 1317 247 1368 Arcessas,
270 1326 313 1360 et
332 1333 456 1375 egere
477 1327 604 1368 vetes,
627 1326 669 1359 et
688 1318 864 1359 scribere
886 1332 1019 1375 cogas.

41 1375 123 1417 Sed
145 1383 279 1417 tamen
303 1385 365 1418 est
383 1391 519 1431 operae
538 1375 716 1431 pretium
737 1390 997 1431 cognoscere,
1021 1376 1161 1432 quales

39 1431 236 1475 AEdituos
255 1432 404 1475 habeat
425 1433 520 1474 belli
541 1441 722 1489 spectata
742 1432 935 1489 domique
1205 1436 1289 1475 230

39 1489 196 1541 Virtus,
219 1490 390 1547 indigno
411 1506 491 1532 nou
514 1490 806 1532 committenda
828 1500 971 1544 poetae.

41 1546 196 1590 Gratus
219 1547 456 1590 Alexandro
478 1548 565 1604 regi
589 1547 751 1603 Magno
771 1547 848 1590 fuit
869 1548 938 1590 ille

41 1604 260 1655 Choerilus,
282 1605 447 1647 incultis
467 1606 539 1661 qui
560 1606 743 1647 versibus
764 1614 805 1647 et
827 1605 931 1647 male
952 1605 1058 1648 natis

41 1661 222 1705 Rettulit
241 1672 442 1719 acceptos,
465 1663 604 1718 regale
626 1663 837 1712 nomisma,
863 1662 1090 1719 Philippos.

42 1719 124 1762 Sed
145 1721 272 1762 veluti
295 1730 464 1762 tractata
484 1731 620 1762 notam
644 1720 860 1777 labemque
882 1722 1098 1764 remittunt
1207 1723 1290 1764 235

40 1777 297 1827 Atramenta,
321 1779 405 1820 fere
426 1778 642 1833 scriptores
662 1779 840 1820 carmine
863 1778 971 1820 foedo

43 1833 267 1890 Splendida
288 1836 392 1878 facta
414 1836 560 1877 linunt.
621 1836 737 1878 Idem
760 1851 831 1877 rex
854 1836 936 1886 ille,
961 1851 1107 1892 poema

40 1891 127 1942 Qui
150 1900 229 1934 tam
251 1893 466 1934 ridiculum
491 1901 570 1934 tam
594 1908 684 1934 care
706 1893 899 1950 prodigus
921 1894 1034 1944 emit,

39 1947 189 1992 Edicto
211 1951 353 2000 vetuit,
377 1966 429 1991 ne
451 1950 542 2006 quis
563 1965 606 1991 se
628 1961 776 2007 praeter
798 1951 976 2006 Apellen

41 2005 254 2063 Pingeret‚
276 2017 347 2049 aut
367 2007 470 2048 alius
494 2007 678 2064 Lysippo
700 2009 868 2051 duceret
887 2024 967 2051 aera
1207 2010 1291 2049 240

43 2062 176 2106 Fortis
198 2065 426 2106 Alexandri
447 2065 603 2106 vultum
625 2066 869 2111 simulantia.
931 2065 1091 2115 Quodsi

18 2119 245 2163 judicium
268 2123 418 2164 subtile
439 2122 624 2164 videndis
644 2124 798 2165 artibus
819 2124 918 2164 illud

20 2178 108 2220 TAd
131 2179 253 2222 libros
274 2190 316 2222 et
335 2180 384 2222 ad
407 2179 493 2221 haee
517 2179 730 2221 Musarum
752 2181 858 2222 dona
879 2195 1056 2230 vocareS,

41 2234 235 2279 Boeotfim
258 2237 297 2278 in
322 2252 453 2279 crasso
467 2239 628 2294 jurares
648 2253 741 2279 aere
763 2247 917 2280 natum.

15 2298 24 2307 “’
42 2293 103 2335 At
122 2309 256 2350 neque
278 2295 524 2336 dedecorant
544 2305 614 2336 tua
634 2295 684 2336 de
706 2295 923 2351 se-judicia
943 2303 1068 2350 atque
1208 2298 1292 2337 245

43 2349 236 2403 Munera,
259 2367 352 2409 quae
373 2352 501 2394 multa
522 2351 654 2394 dantis
675 2368 767 2394 cum
790 2353 909 2394 laude
931 2352 1127 2404 tulerunt,
