1390 2586
108 78 136 115 8
473 105 733 134 SATIRARUM
762 107 849 135 Lus.
871 108 900 135 1.
922 96 962 135 3.

110 205 275 247 Mutum
324 214 365 248 et
420 214 536 261 turpe
584 221 720 261 pecus,
775 206 964 262 glandem
1012 214 1133 262 atque
1181 207 1328 250 cubilia

217 269 380 317 propter

110 317 328 372 Unguibus
349 326 390 359 et
410 318 569 373 pugnis,
593 318 684 359 dein
706 318 890 367 fustibus,
911 326 1033 373 atque
1053 319 1108 360 ita
1127 334 1244 375 porro
1273 323 1327 360 95

110 374 353 428 Pugnabant
371 374 502 422 armis,
527 389 616 428 quae
637 383 725 429 post
744 374 1004 416 fabricaverat
1024 389 1116 416 usus
1128 391 1138 424 ;

108 429 255 470 Donec
275 431 408 478 verba,
432 431 576 484 quibus
597 445 713 471 voces
732 445 952 486 sensusque
972 438 1170 482 notarent,

110 485 366 540 Nominaque
387 487 599 535 invenere;
630 487 776 527 dehinc
793 487 985 528 absistere
1007 487 1124 536 bello,

110 541 272 596 Oppida
293 551 502 597 coeperunt
522 543 690 592 munire,
714 552 755 584 et
775 558 924 598 ponere
946 543 1069 598 leges,

110 597 176 638 Ne
198 598 287 652 quis
308 599 371 638 fur
391 608 507 647 esset,
530 614 609 638 neu
631 598 741 648 latro,
765 614 845 640 neu
866 599 955 654 quis
975 599 1143 642 adulter.
1252 603 1329 640 100

107 653 208 694 Jura
228 654 390 695 inventa
411 664 519 695 metu
540 655 679 710 injusti
699 655 847 696 fateare
868 669 1031 696 necesse
1051 665 1124 706 est,

109 709 314 764 Tempora
334 711 366 751 si
386 711 587 765 fastosque
609 711 706 751 velis
727 711 911 751 evolvere
931 711 1082 752 mundi.

110 765 200 806 Nec
221 776 361 806 natura
382 776 513 821 potest
528 767 638 821 justo
657 782 865 808 secernere
887 767 1083 822 iniquum,

109 821 271 863 Dividit
292 831 335 863 ut
356 823 458 863 bona
479 823 656 872 diversis,
678 823 870 879 fugienda
891 823 1098 878 petendis:

112 878 200 918 Nec
232 881 367 919 vincet
400 879 500 920 ratio
539 879 625 929 hoc,
663 880 911 921 tantumdem
948 887 991 921 ut
1028 887 1169 935 peccet
1206 879 1331 921 idem-

221 949 313 988 que,
1254 939 1338 976 105>

110 989 195 1037 Qui
218 1000 376 1031 teneros
397 991 529 1032 caules
549 991 669 1032 alieni
689 991 856 1048 fregerit
875 991 992 1041 horti,

110 1045 165 1087 Et
185 1047 254 1100 qui
276 1057 494 1088 nocturnus
514 1062 623 1089 sacra
643 1048 778 1089 divum
800 1048 956 1104 legerit.
1017 1047 1138 1089 Adsit

112 1102 284 1157 Regula,
309 1103 480 1157 peccatis
501 1119 591 1158 quae
611 1119 750 1159 poenas
770 1105 921 1159 irroget
939 1118 1095 1159 aequas;

109 1157 175 1198 Ne
196 1160 345 1200 scutica
367 1160 533 1213 dignum
556 1161 733 1201 horribili
754 1170 907 1202 sectere
928 1160 1100 1216 flagello.

109 1214 214 1255 Nam
238 1225 281 1256 ut
302 1216 430 1258 ferula
450 1216 575 1256 caedas
596 1217 781 1257 meritum
803 1217 952 1271 majora
971 1216 1106 1257 subire
1255 1218 1332 1256 110

109 1270 303 1319 Verbera,
328 1287 406 1312 non
430 1287 580 1321 vereor,
603 1287 726 1327 quum
748 1273 867 1321 dicas,
891 1287 976 1313 esse
997 1287 1113 1327 pares
1131 1287 1195 1314 res

112 1326 237 1368 Furta
259 1327 487 1377 latrociniis,
510 1337 551 1368 et
572 1329 727 1383 magnis
747 1344 868 1383 parva
888 1328 1051 1369 mineris

111 1382 231 1423 Falce
254 1384 469 1424 recisurum
491 1385 610 1425 simili
631 1394 683 1433 te,
706 1385 739 1426 si
761 1385 832 1425 tibi
854 1399 1023 1440 regnum

111 1439 354 1481 Permittant
374 1440 567 1481 homines.
628 1441 672 1482 Si
693 1441 816 1490 dives,
840 1442 908 1495 qui
929 1441 1088 1495 sapiens
1109 1447 1182 1490 est,

111 1494 166 1535 Et
185 1505 294 1536 sutor
317 1497 454 1544 bonus,
479 1507 519 1537 et
538 1497 644 1538 solus
663 1498 870 1545 formosus,
894 1505 935 1538 et
954 1506 1014 1538 est
1033 1511 1127 1544 rex3
1256 1498 1333 1536 115

113 1551 198 1592 Cur
218 1561 343 1606 optaS,
363 1553 470 1607 quod
492 1552 644 1593 habes?
677 1553 770 1593 Non
792 1553 908 1602 nosti,
927 1553 1023 1607 quid
1044 1561 1169 1608 pater,
1187 1550 1332 1607 inquit,

111 1607 364 1662 Chrysippus
385 1610 513 1649 dicat:
549 1609 718 1663 Sapiens
739 1609 917 1665 crepidas
937 1609 1012 1649 sibi
1033 1622 1252 1662 nunquam,

111 1663 201 1704 Nec
221 1664 347 1705 soleas
370 1665 485 1712 fecit;
516 1674 625 1705 sutor
646 1674 778 1706 tamen
799 1673 860 1706 est
878 1665 1050 1719 sapiens.
1109 1663 1226 1712 Qui?

114 1719 187 1768 Ut,
211 1721 392 1774 quamvis
413 1729 518 1761 tacet
542 1721 836 1775 Hermogenes,
859 1729 997 1762 cantor
1017 1729 1150 1762 tamen
1171 1727 1294 1776 atque

110 1775 302 1830 Optimus
322 1785 383 1817 est
403 1777 648 1825 modulator3
681 1787 725 1818 ut
747 1777 919 1817 Alfenus
939 1777 1062 1826 vafer,
1086 1776 1195 1818 omni
1256 1779 1334 1816 120

112 1832 287 1886 Abjecto
307 1832 573 1874 instrumento
593 1833 699 1882 artis,
722 1833 936 1887 clausaque
959 1833 1137 1882 taberna,

115 1888 236 1929 Sutor
257 1898 361 1930 erat:
394 1890 552 1943 sapiens
573 1890 703 1943 operis
724 1890 780 1930 sic
801 1891 974 1944 optimus
995 1889 1124 1930 omnis

114 1943 189 1985 Est
209 1945 344 1999 opifex
365 1946 484 1994 solus,
507 1946 563 1986 sic
583 1959 669 1985 rex.
730 1945 900 1986 Vellunt
920 1945 992 1986 tibi
1014 1945 1176 1986 barbam

116 2000 274 2040 Lascivi
297 2001 408 2056 pueri
425 2017 436 2050 3
458 2016 558 2056 quos
579 2010 622 2042 tu
642 2003 683 2042 ni
705 2002 809 2042 fuste
831 2016 1002 2050 coerces,

115 2056 287 2111 Urgeris
309 2057 423 2098 turba
445 2059 591 2098 circum
615 2067 653 2098 te
674 2066 817 2107 stante,
840 2058 1041 2112 miserque
1259 2058 1336 2097 125

117 2112 335 2167 Rumperis
356 2123 397 2154 et
416 2113 546 2162 latras,
570 2129 804 2168 magnorum
828 2113 999 2154 maxime
1020 2127 1161 2168 regum
1183 2112 1192 2154 Ξ

116 2168 181 2208 Ne
202 2168 367 2223 longum
389 2171 552 2211 faciam:
585 2170 679 2209 dum
701 2178 742 2211 tu
765 2170 985 2225 quadrante
1007 2169 1181 2210 lavatum

117 2224 210 2264 Rex
230 2225 318 2274 ibis,
343 2241 474 2280 neque
496 2234 536 2267 te
557 2226 768 2280 quisquam
789 2227 954 2281 stipator
974 2225 1158 2279 ineptum

107 2280 268 2322 'Praeter
291 2282 523 2337 Crispinum
543 2283 782 2331 sectabitur3
813 2291 854 2323 et
874 2281 971 2322 mihi
991 2281 1130 2322 dulces
