1390 2586
137 110 220 152 258
565 112 934 144 INTERPRETATIO.
1238 0 1390 166 [smel

137 210 341 249 emptoribus·
334 220 364 239 ιη
377 210 566 240 bibliothecis
578 211 709 241 maxime
719 218 968 251 proponerentur.
997 212 1068 243 Jam
1077 213 1101 242 si
1114 223 1131 243 a
1144 213 1317 264 unp-ordino

137 253 239 291 aliquo
267 253 407 290 imperito
432 253 462 282 in
490 256 574 292 pejus
600 255 707 283 effictae
732 260 828 289 erant,
852 264 912 290 eos,
942 264 1070 293 quorum
1093 263 1179 286 erant
1204 257 1334 294 imagine

137 301 296 334 propterea
321 296 521 325 stomachatus
545 306 608 325 esse
634 303 869 326 consentaneum
893 302 958 330 est:
989 307 1045 327 nec
1074 303 1174 328 tamen
1204 299 1327 337 cogitari

137 338 274 367 consulto
298 337 328 365 in
354 339 438 385 pejus
461 339 545 367 fictas
569 337 730 376 (Italorum
755 337 934 376 caricature)
964 339 1087 389 ludibrii
1116 347 1148 370 et
1170 309 1385 379 εοηῐιιιιιφτὶίᾍ1

137 389 228 409 causa
256 381 367 417 exponi
397 381 499 410 solitas
527 390 604 409 esse.
621 397 663 402 -—
685 379 849 421 [decorari]
891 379 962 411 κατ’
991 378 1154 422 εἰρωνείαν
1189 393 1244 422 pro
1282 385 1291 400 ‘
1307 384 1385 426 dees·

137 422 272 459 turpari!

179 464 354 498 263—270.
387 462 477 502 [Cum
498 463 656 504 scriptore]
682 466 690 481 ‘
706 475 766 494 una
789 475 857 495 cum
881 466 961 494 malo
985 467 1083 504 poeta,
1109 466 1160 505 qui
1183 466 1296 496 insulse
1312 476 1378 507 πη

137 506 291 536 laudavit!
308 505 456 546 ——[meo]
489 508 597 536 ‘Ideo
627 507 697 544 quia
725 508 758 536 in
787 509 893 537 eodem
922 508 998 538 libro
1021 515 1052 538 et
1073 509 1226 547 scriptoris
1250 519 1379 541 nomen,

140 554 185 577 est
201 554 231 577 et
246 550 320 587 ejus
343 549 380 578 de
397 559 456 586 quo
471 549 619 584 scribitur,
638 555 671 578 ut
690 550 721 579 in
739 550 865 588 Virgilio
881 550 1029 586 AEneas,'
1022 560 1053 580 in
1075 551 1206 580 Homero
1224 552 1339 582 Ulixes.
1341 550 1372 567 ”

137 594 209 620 Acr.
223 606 264 612 —-
281 588 294 629 [
300 589 500 630 porrectus]
506 593 608 621 ‘Bene
622 597 773 630 porrectus
790 598 820 622 et
834 593 865 621 in
881 602 971 630 capsa
986 599 1108 631 opertus
1123 593 1208 631 quasi
1223 599 1364 624 mortuus

137 633 169 662 in
185 633 295 662 feretro
310 633 427 662 deserar
450 634 479 662 in
500 635 596 662 vicum
613 635 814 664 thurariumss'
842 635 951 673 Porph.
995 635 1057 664 Csr.
1082 636 1176 673 Epod.
1195 635 1242 671 10,
1259 637 1310 666 22.
1319 650 1362 662 -·

139 673 275 715 [aperta]
301 676 466 713 Significat,
483 686 571 714 quam
587 686 707 714 prorsus
723 677 894 715 negligatur
909 683 939 706 et
949 682 1159 707 contemnatur
1175 678 1242 707 talis
1258 685 1361 716 poetata

138 721 146 734 ⁶
158 727 256 756 capsa,
282 728 349 766 q.¹¹ae
366 727 403 747 ne
419 726 522 756 operta
538 719 660 756 quidem
676 724 730 748 est.
733 720 740 733 '
787 720 927 750 Ridicula
943 725 1007 748 tum
1022 721 1190 755 dumtaxat,
1214 725 1246 748 ut
1261 721 1364 759 debet,

137 767 273 789 remanet
299 761 399 798 imago
415 771 442 790 v.
464 766 624 798 porrectus,
647 761 672 790 si
697 761 858 791 multitudo
881 768 1051 800 porrectum
1074 762 1166 797 videt,
1192 761 1273 798 quod
1295 761 1363 797 fieri

137 811 198 831 non
214 809 311 840 potest
331 803 362 831 in
379 804 468 840 capsa
482 806 593 841 operui,
619 804 731 833 clausa.
787 805 844 833 Hic
859 804 941 833 vicus
964 804 1040 842 (Sat.
1057 804 1087 840 2,
1103 805 1132 839 3,
1149 803 1224 841 227)
1248 804 1280 833 in
1295 804 1369 837 loeo·

136 843 278 874 inferiore
294 845 375 874 urbis
391 851 471 880 erat3
496 845 566 874 binc
581 846 699 884 proprie
717 851 840 884 usurpat
855 856 882 874 v.
898 844 1078 885 deferar.—
1092 844 1224 886 [odores]
1243 847 1250 861 ‘
1262 846 1360 884 liquo-

137 896 184 915 res
206 888 345 916 odoratos
365 894 455 925 atque
479 889 652 925 unguenta.’
667 904 709 910 —
726 886 902 928 [quidquid]
926 894 959 918 ut
981 889 1110 919 scombri
1137 887 1234 926 (Pers.
1251 888 1278 924 1,
1295 887 1360 927 43),

136 933 296 967 ceteraque
312 930 456 967 salgama.
501 931 564 959 Cfr.
582 931 670 959 Mart.
687 930 717 964 6,
739 931 797 960 60:
824 932 917 963 Quam
937 932 1021 960 multi
1036 933 1130 961 tineas
1141 935 1268 970 pascunt
1284 932 1370 970 blut-3

137 975 239 1011 trisque
254 973 381 1002 diserti!
411 973 452 1002 Ει
469 974 615 1003 redimunt
631 974 685 1003 soli
699 975 830 1003 carmina
845 975 930 1003 docta
945 974 1014 1004 coci.

614 1121 820 1152 EPISTOLA
848 1122 890 1152 11.

179 1228 316 1258 Annum.
359 1230 376 1244 “
391 1228 599 1258 Excusaturus
619 1237 651 1258 se
670 1228 752 1258 Julio
769 1230 859 1259 Floro
881 1228 947 1267 (cfr.
965 1229 1062 1268 Epist.
1076 1228 1103 1264 l,
1119 1227 1166 1267 3),
1187 1229 1268 1267 quod
1284 1227 1362 1261 nihil

136 1270 305 1300 litterarum
321 1280 419 1309 neque
435 1271 602 1299 carminum
617 1271 654 1300 ad
670 1281 739 1300 eum
758 1271 883 1306 miserit,
898 1272 1030 1309 primum
1045 1270 1146 1309 lepidii
1161 1271 1363 1309 similitudino

138 1312 298 1350 significat,
322 1323 352 1341 se
376 1313 453 1341 nihil
473 1313 673 1351 proficiscenti
693 1314 788 1342 amico
805 1314 987 1352 promisisse,
1011 1313 1104 1342 immo
1124 1323 1209 1343 suam
1232 1314 1264 1343 in
1286 1312 1361 1344 scri«

137 1356 236 1384 hendo
258 1355 410 1393 pigritiam
431 1355 562 1392 ingenue
581 1356 748 1393 professum
771 1366 834 1385 esse
859 1357 920 1394 (vv.
940 1354 1065 1396 1—25).
1111 1356 1157 1385 De
1179 1355 1363 1386 carminibu·

136 1397 239 1427 ridens
263 1397 433 1436 respondet,
455 1407 486 1426 se
502 1398 654 1435 quondam
671 1407 730 1427 non
747 1398 804 1427 nisi
823 1404 1000 1437 paupertate
1023 1399 1062 1428 ad
1084 1407 1186 1428 versus
1210 1397 1363 1429 faciendo·

135 1441 288 1475 adactum,
318 1450 399 1468 nunc
422 1440 546 1478 quidem
575 1441 698 1469 meliore
728 1440 849 1470 fortunii
878 1447 1014 1470 utentem
1039 1442 1159 1470 beatum
1189 1440 1284 1469 otium
1313 1439 1362 1472 hin

136 1482 289 1512 laboribus
311 1482 399 1520 longe
427 1482 567 1520 praeferre
591 1482 651 1519 (vv.
674 1482 833 1519 25—54);
857 1483 967 1512 deinde
991 1482 1069 1512 serio
1094 1489 1219 1512 excusat
1241 1488 1362 1513 aetatem

137 1534 233 1558 suam,
249 1525 422 1562 importuna
438 1525 582 1553 lectorum
598 1525 727 1558 fastidia,
753 1528 874 1554 urbanoe
894 1525 963 1554 vitae
983 1525 1200 1564 impedimenta
1213 1530 1244 1554 et
1259 1526 1363 1555 turba·

138 1566 200 1604 (vv.
215 1566 367 1605 55-86),
389 1573 419 1595 et
439 1567 597 1603 significat,
627 1577 658 1596 se
685 1573 846 1605 pertaesum
868 1577 932 1596 esse
954 1567 1052 1597 omnis
1077 1568 1167 1605 hujus
1192 1566 1361 1597 carminum

137 1610 366 1648 pangendorum
383 1609 475 1638 studii
491 1611 527 1638 ob
544 1610 660 1647 ineptos
675 1616 706 1638 et
719 1610 850 1639 misellos
867 1615 910 1639 tot
925 1615 1081 1648 poetarum
1101 1610 1148 1639 sui
1164 1609 1307 1648 temporis
1321 1609 1361 1643 ad

137 1651 269 1680 savorem
293 1652 452 1680 hominum
478 1657 509 1680 et
533 1652 653 1680 laudem
683 1653 861 1690 captandam
890 1653 1037 1681 tumultus
1060 1657 1090 1681 et
1115 1652 1258 1689 legitimae
1288 1651 1361 1682 arti·

136 1693 351 1732 ignorantiam,
371 1694 522 1731 simulque
540 1693 659 1722 saniora
674 1695 812 1732 quoedam
835 1701 864 1724 et
886 1695 1037 1724 severiora
1057 1695 1130 1723 artis
1151 1699 1302 1732 precepta
1323 1693 1361 1722 iis

137 1737 264 1774 opponit
279 1735 343 1775 (vv.
360 1734 528 1774 87—140).
577 1736 731 1765 Postremo
746 1737 890 1772 studium,
908 1737 988 1775 quod
1004 1742 1065 1765 tam
1077 1736 1251 1774 frequenter
1266 1736 1297 1764 in
1314 1735 1362 1767 hi·

137 1778 271 1817 epistolis
292 1779 458 1816 profitetur,
474 1778 630 1815 sapientiae
650 1785 784 1814 excusat,
805 1780 853 1808 cui
870 1789 950 1808 nunc
965 1779 1075 1808 relictis
1091 1787 1231 1807 versuum
1246 1778 1362 1809 lusibus
1386 1807 1390 1812 ,

138 1821 227 1850 unice
241 1821 361 1850 deditus
376 1821 424 1856 sit,
445 1826 536 1858 atque
551 1830 643 1849 aurea
664 1822 803 1858 quaedam
818 1831 899 1850 sanae
914 1821 1037 1850 rationis
1051 1826 1200 1860 proecepta
1222 1821 1279 1849 hoc
1294 1820 1361 1858 ipso
1387 1830 1390 1838 ³

138 1863 239 1892 studio
260 1863 316 1892 sibi
343 1869 514 1901 comparata
540 1872 607 1891 cum
633 1862 730 1892 amico
753 1864 964 1892 communicat.
989 1862 1050 1902 (vv.
1068 1863 1137 1898 141,
1159 1863 1198 1892 ad
1222 1861 1361 1901 finem.)”

138 1906 267 1935 Zell.—
279 1905 395 1943 Scripta
412 1905 529 1934 videtur
546 1905 714 1934 Kirchnero
731 1914 800 1935 Α.υ.
815 1914 842 1935 e.
859 1905 929 1940 743.
1388 1938 1390 1943 ¹

183 1947 271 1977 1—6.
302 1946 422 1986 [Flore]
462 1948 506 1976 De
534 1948 622 1976 Floro
646 1957 672 1976 v.
700 1948 777 1986 Epp.
803 1948 830 1984 1,
846 1949 931 1977 3.-
947 1945 1051 1987 [bono]
1077 1947 1122 1976 De
1143 1945 1285 1976 laudibus
1312 1945 1359 1976 Ti.
1386 1946 1390 1989 ξ’

138 1990 267 2019 Claudio
294 1990 408 2019 Neroni
429 1989 535 2028 juveni
559 1990 720 2028 impertitis
742 2001 770 2019 v.
794 1991 871 2029 Epp.
890 1990 917 2025 l,
933 1991 962 2023 9,
979 1990 1008 2019 4.
1023 2005 1066 2011 —
1083 1988 1134 2028 [Si
1157 1987 1238 2028 quis]
1269 1989 1360 2018 ‘Non

138 2033 236 2070 magis
252 2038 331 2061 recte
347 2038 379 2061 tu
395 2042 512 2061 mecum
528 2032 591 2069 agis
607 2032 759 2070 pigritiam
775 2042 873 2061 meam
889 2032 1122 2070 reprehendens,
1147 2041 1238 2070 quam
1253 2031 1277 2060 si
1293 2032 1364 2068 quis·

139 2081 241 2113 empto
257 2085 350 2112 puero
365 2075 507 2112 mangoni
523 2075 606 2103 litem
623 2080 726 2112 postea
741 2080 884 2110 moveret,
900 2074 1036 2112 quamvis
1051 2073 1100 2103 hic
1114 2073 1243 2112 emptori
1258 2073 1363 2103 omnia

139 2117 282 2156 mancipii
302 2117 375 2146 vitia
398 2116 605 2155 exposuisset.'
620 2133 661 2138 —
675 2115 819 2156 [Tibure]
844 2119 851 2133 ⁸
865 2117 897 2146 in
921 2117 993 2146 vina
1014 2117 1117 2154 aliqua
1131 2115 1292 2145 Tiburtina
1313 2115 1365 2145 vel*

140 2159 270 2194 Gabina,
294 2161 370 2188 adeo
398 2164 430 2188 ut
457 2169 546 2188 verna
575 2159 616 2197 (v.
633 2159 667 2197 6)
691 2160 740 2194 sit,
773 2159 879 2188 Latine
903 2159 996 2196 igitur
1021 2159 1104 2193 sciat.
1127 2157 1300 2187 liberalibus
1323 2157 1361 2186 sit

139 2202 254 2230 artibus
270 2203 442 2236 instructus,
464 2201 559 2239 pluris
574 2202 676 2239 itaque
692 2202 887 2230 aestimandus
908 2207 937 2230 et
957 2202 1054 2239 magis
1069 2201 1195 2230 idoneus
1210 2199 1247 2228 ad
1262 2199 1361 2229 omnin

139 2244 259 2281 generis
282 2244 458 2278 ministeria,
484 2253 574 2282 quam
600 2244 624 2272 si
651 2245 794 2272 barbarus
818 2249 906 2278 esset,
931 2243 1032 2272 Thrax
1052 2243 1097 2272 vel
1121 2242 1304 2280 Cappadox!
1319 2257 1359 2263 -

141 2283 327 2324 [Candidus]
359 2286 493 2315 Pulclirae
518 2285 621 2314 formae
645 2291 760 2324 partem
785 2287 932 2320 nominat,
951 2285 1112 2315 candidum
1135 2285 1275 2319 colorem,
1300 2293 1358 2313 non

140 2337 221 2364 vero,
255 2330 263 2345 ‘
279 2328 408 2367 integer,
432 2328 497 2357 sine
519 2328 657 2358 fallacia.’
672 2327 862 2368 —[mi1ibus
886 2326 964 2367 octo]
1002 2327 1062 2358 Sed
1086 2326 1233 2356 Martialis
1258 2325 1285 2362 l,
1304 2325 1356 2362 5⁰,
