1390 2586
140 118 216 160 133
567 117 935 150 INTERPRETATIO.
1202 118 1206 121 ·
1270 119 1360 160 [ms

135 219 144 235 ¹
155 219 256 249 statim
285 227 303 248 a
330 217 496 247 Maecenate
526 216 688 246 alienasses
698 216 716 251 ς’
749 217 834 255 quasi
861 217 1070 256 praecessisset,
1095 218 1105 233 ‘
1115 217 1140 247 si
1167 217 1360 251 tradidisse-,⁹

135 261 207 300 Ipso
222 266 324 290 autem
341 268 475 297 tempore
490 259 615 288 actionis
631 259 767 288 celeritas
783 259 969 298 facilitasque
984 260 1181 297 significatur.

176 304 310 333 48—55.
335 299 488 340 [vivimus]
512 302 609 340 primii
631 302 761 339 persona
787 302 889 331 scitius
911 302 1070 340 significat,
1097 301 1252 333 hominem
1278 303 1360 335 haud

135 346 262 384 dignum
279 355 354 380 esse,
370 344 421 382 qui
437 344 468 372 in
484 344 540 373 hoc
554 344 645 372 veluti
659 343 832 372 sodalitium
845 344 1015 382 recipiatur.
1026 360 1069 365 —-
1081 342 1200 384 [malis]
1217 346 1361 383 ‘invidiag

135 388 300 421 simultate,
314 387 440 422 insidiis,
452 386 730 421 detractationibus,
743 386 942 415 factionibus!
967 387 1071 417 Comm.
1091 387 1191 416 Cr.—
1201 385 1362 427 [Magnum

135 428 259 469 narras]
283 430 379 458 Valde
391 431 517 457 miratur
533 428 623 457 homo
637 429 739 466 pusilli
755 429 849 457 animi
866 429 922 458 boc
937 428 1002 458 fieri
1017 438 1120 468 posse,
1141 430 1244 458 statim
1260 435 1360 462 tamen

136 471 352 502 necessitudini
371 477 431 500 tam
447 470 574 509 simplici
589 476 680 508 atque
696 471 850 500 innocenti
864 481 896 500 se
912 481 1031 510 quoque
1046 472 1188 509 adaptare
1200 473 1301 501 studet
1314 482 1361 504 vv.

135 516 272 545 accendis
287 519 344 543 cet.
388 512 594 542 Nihilominus
614 513 661 542 vel
682 513 795 542 invitus
817 522 921 543 rursus
940 519 1097 551 monstrat,
1122 523 1154 543 se
1180 513 1248 543 aliis
1269 524 1362 552 quam

135 557 224 586 malis
247 556 363 586 artibus
387 556 418 585 in
443 556 646 593 expugnando
673 556 839 585 Maecenate
866 555 909 584 uti
932 565 992 584 non
1016 554 1232 595 posse.—-[sic
1255 550 1342 587 habe't
1368 559 1370 563 '

136 597 240 635 οὕτως
264 597 339 638 ἔχει,
365 609 403 628 ex
429 607 568 627 sermone
594 597 734 627 familiari
759 607 814 636 pro
837 599 880 627 sic
904 608 935 628 se
958 607 1005 628 res
1023 554 1361 638 haber—[Accendit]

136 643 145 658 ⁴
155 651 248 679 auges
263 641 457 672 desiderium.
472 639 539 669 cur’
556 646 611 669 cet.
622 656 664 662 -—
676 638 792 679 [Velis]
816 640 1029 679 imperativus:
1054 641 1062 656 ⁵
1074 641 1193 675 sufficit,
1210 646 1243 670 ut
1261 641 1362 678 velisg'

136 694 198 714 non
214 686 222 700 ‘
235 685 259 713 si
275 684 367 713 velis.'
379 693 493 722 —quae
509 687 560 712 tua
579 681 688 721 virtus]
713 685 721 698 ‘
733 692 803 711 nam
823 692 859 711 ea
881 687 926 711 est
945 687 999 712 tua
1020 682 1134 718 virtus,’
1159 684 1168 699 ⁴
1179 692 1235 722 pro
1250 683 1364 714 virtute

138 727 190 756 tua
204 736 239 756 ac
255 726 454 755 dexteritate!
481 725 590 763 Sulpic.
606 726 686 763 apud
702 725 764 754 Cic.
781 725 819 754 ad
835 724 920 754 Fam.
937 724 968 762 4,
987 725 1016 760 5,
1038 726 1089 764 qui
1103 726 1183 755 illius
1197 727 1228 754 n'n
1242 729 1271 755 te
1282 735 1375 762 amon·¹

127 767 203 808 fait.
248 769 311 798 Cic.
332 769 371 797 ad
389 769 472 797 Fam.
489 766 517 802 7,
534 768 563 802 2,
581 769 631 807 qui
646 778 724 797 meus
739 777 819 797 amor
837 769 868 797 in
883 771 912 797 te
927 771 1032 797 est.—
1048 765 1166 806 [eoque]
1185 769 1204 784 ‘⁴
1217 767 1364 798 Conscius

136 821 199 841 suae
222 811 374 840 facilitatis
398 810 563 846 Maeeenas,
586 819 618 839 se
640 810 688 839 vel
712 809 841 839 invitum
867 809 1037 848 expugnari
1057 819 1143 848 posse
1163 811 1200 839 ab
1218 809 1365 848 improbis

136 854 366 892 flagitatoribus,
382 853 498 882 aditum
521 853 664 881 adversus
686 853 762 882 tales
783 852 968 888 intercludit,
985 851 1121 890 janitori,
1137 852 1364 888 nomenclatori,

137 896 332 931 cubiculario,
348 896 431 924 duris
447 900 477 924 et
491 895 618 924 morosis
631 895 767 931 servulis,
779 894 962 930 mandando,
975 904 1013 923 ne
1025 903 1116 933 quem
1128 893 1186 924 uisi
1201 903 1239 924 ex
1254 893 1365 924 intima

136 938 271 968 amicitia
286 939 325 967 ad
340 948 372 967 se
385 937 619 967 intromittant.''
642 937 743 966 Bentl.

178 981 313 1011 58—60.
339 979 387 1020 [in
409 977 520 1018 triviis]
544 980 594 1008 ubi
610 985 733 1018 propter
752 978 910 1008 bominum
925 979 1044 1008 turbam
1059 978 1160 1007 minus
1175 977 1262 1008 facile
1278 978 1364 1008 devi-

137 1027 239 1052 tantur
251 1028 449 1052 occurrentes.
459 1039 500 1044 -
513 1020 689 1061 [deducam]
715 1023 723 1038 ‘
734 1021 785 1051 ubi
799 1031 837 1050 ex
853 1021 943 1050 domo
957 1020 989 1050 in
1005 1020 1103 1050 forum
1115 1021 1287 1056 descendet,
1299 1022 1367 1059 ejus

137 1065 297 1095 comitibus
312 1075 360 1095 me
375 1064 560 1103 adjungam!
571 1080 613 1086 —
623 1063 683 1102 [m'l
695 1065 757 1094 sine
771 1061 893 1103 magno]
920 1063 1075 1101 Aretalogi
1091 1072 1174 1092 more
1188 1063 1366 1101 degreditur

136 1107 169 1138 in
184 1109 285 1137 locum
300 1117 502 1142 communem,
518 1104 631 1136 πάντα
647 1105 688 1136 τὰ
703 1104 787 1136 καλὰ
802 1102 944 1146 χαλεπά.
1357 1114 1362 1122 ’

179 1150 314 1180 60-66.
339 1148 436 1190 [agit]
461 1150 551 1178 ‘dum
568 1149 610 1178 ita
625 1148 744 1187 ineptit,
755 1158 842 1178 suam
857 1148 943 1186 quasi
957 1157 1078 1181 causam
1090 1147 1171 1186 apud
1186 1156 1235 1177 me
1250 1146 1364 1184 agens!

135 1207 178 1215 ·—
191 1191 321 1232 [Fuscus
342 1189 493 1231 Aristius]
521 1191 600 1221 Huic
623 1191 766 1220 Horatius
783 1191 839 1220 Od.
858 1190 885 1225 l,
901 1190 951 1225 22,
973 1195 1003 1219 et
1019 1190 1076 1228 Ep.
1093 1189 1121 1225 l,
1139 1189 1187 1226 10,
1202 1189 1366 1227 inscripsit.

138 1236 246 1265 Comm.
258 1236 347 1275 Cruq.
358 1246 367 1264 .·
384 1236 402 1251 “
415 1235 474 1264 Hic
484 1234 540 1263 fuit
550 1233 764 1271 grammaticus
778 1232 860 1262 illius
875 1231 1018 1271 temporis
1028 1231 1227 1268 doctissimus,
1239 1232 1367 1268 amicus,

137 1283 169 1307 et
189 1278 345 1307 familiaris
363 1274 716 1315 Horatii.”—[pulchre
737 1272 848 1313 nosset]
869 1279 904 1304 ut
924 1275 1027 1313 probe,
1046 1274 1138 1303 etiam
1157 1274 1189 1303 in
1210 1274 1300 1313 prosa
1319 1283 1366 1304 ora

137 1320 242 1350 Planc-
266 1321 298 1349 in
323 1321 380 1358 Ep.
407 1319 468 1348 Cic.
492 1319 541 1353 10,
566 1318 614 1352 13,
637 1319 783 1356 Lepidum
804 1318 926 1356 pulchre
948 1314 1246 1355 noram—[Unde]
1270 1316 1366 1346 Solita

137 1367 203 1392 erat
217 1363 355 1392 formula.
382 1363 443 1391 Sat.
458 1362 487 1397 2,
505 1361 533 1396 4,
552 1360 578 1396 l,
597 1361 680 1390 Unde
691 1365 719 1390 et
734 1370 790 1399 quo
804 1361 983 1389 Catius?—
994 1358 1053 1397 [Et
1063 1357 1217 1398 pressare]
1235 1358 1282 1388 stc
1294 1357 1366 1388 dedi

137 1414 207 1434 cum
228 1404 402 1434 Scholiastis
422 1410 452 1433 et
467 1404 563 1433 codd.
583 1403 653 1441 aliq.
687 1403 850 1440 Postquam
867 1402 951 1431 vulsa
968 1406 1055 1430 erant
1074 1401 1206 1437 brachia,
1227 1401 1367 1440 prensari

133 1448 198 1486 jam
213 1447 264 1477 vix
279 1452 431 1486 poterant,
451 1446 504 1476 sed
516 1447 659 1484 pressari,
677 1445 734 1474 nisi
749 1450 862 1474 statues
877 1441 1014 1484 ὕστερον
1029 1440 1198 1484 πρότερον.
1209 1444 1365 1473 —lentis-

136 1488 229 1528 sima]
254 1491 262 1506 ‘
274 1500 341 1528 quae
358 1499 452 1527 quum
468 1494 676 1527 pressarentur
696 1496 814 1525 semper
831 1487 979 1515 cedebant
998 1486 1136 1524 adeoque
1158 1495 1248 1515 sensu
1263 1493 1365 1515 carere

137 1532 343 1562 videbantur!
354 1547 397 1553 --
410 1530 509 1571 [Male
538 1528 650 1568 salsus]
687 1531 696 1545 ‘
711 1539 802 1568 prave
831 1534 922 1566 atque
952 1527 1163 1566 intempestive
1186 1527 1311 1566 jocans!
1323 1543 1367 1551 —·

139 1573 259 1614 [jecur]
284 1575 313 1603 h.
331 1575 349 1604 l.
366 1574 418 1603 irae
434 1574 529 1608 sedes,
545 1579 578 1602 ut
595 1572 666 1601 alibi
682 1571 800 1601 amoris.
825 1571 885 1600 cfr.
902 1571 958 1600 Od.
976 1570 1003 1605 l,
1021 1569 1070 1605 13,
1084 1570 1115 1599 4.

181 1616 315 1652 69-74.
339 1614 505 1656 [tricesima
519 1613 661 1653 sabbata]
688 1615 742 1643 Est
757 1614 821 1642 dies
838 1613 918 1642 Tisri
940 1611 1066 1650 quintus
1081 1612 1224 1647 decimus,
1249 1611 1367 1650 primus

138 1660 399 1697 scenopegiorum,
412 1669 479 1696 quae
491 1667 610 1696 semper
621 1662 737 1686 constat
749 1655 913 1685 castissime
925 1655 1084 1690 celebrata,
1096 1660 1136 1689 et,
1148 1655 1228 1692 quod
1239 1653 1366 1683 maximi

137 1702 285 1732 momenti
300 1707 354 1737 est,
372 1701 518 1730 Romanis
533 1699 606 1729 satis
622 1705 693 1728 nota
707 1698 808 1727 fuisse.
854 1696 972 1727 Dicitur
988 1697 1079 1726 etiarn
1099 1696 1208 1725 festum
1225 1697 1366 1725 taberna-

138 1745 276 1774 culorum
291 1750 321 1773 et
336 1743 546 1782 complectitur
565 1742 698 1779 integros
718 1746 834 1779 septem
850 1740 914 1769 dies
930 1749 948 1768 a
963 1747 1015 1768 XV.
1032 1739 1111 1768 Tisri
1131 1748 1227 1776 usque
1242 1739 1281 1767 ad
1296 1745 1365 1768 xxx.

137 1801 181 1808 —-—
195 1784 330 1826 [Curtis]
355 1787 362 1801 ‘
377 1785 484 1823 verpis,
510 1780 953 1822 circumcisis.'—[oppedere]
977 1791 1035 1810 vox
1058 1781 1175 1820 plebeia
1197 1790 1252 1819 pro
1275 1782 1366 1809 ‘con-

137 1834 273 1858 temnere
293 1838 344 1857 eos
367 1838 401 1857 ac
424 1827 585 1864 religiones
609 1835 713 1855 eorum
739 1825 911 1854 deridere!⁴
932 1821 1258 1863 Porph.—[Religio]
1281 1832 1365 1852 scru-

138 1871 243 1910 pulus.
278 1871 371 1900 Gloss.
399 1871 523 1908 scruple.
536 1886 578 1890 —
591 1866 764 1908 [infirmior]
795 1870 802 1884 ‘
816 1867 1020 1896 meticulosior
1048 1875 1083 1895 ac
1109 1864 1366 1904 superstitiosior.’

138 1912 284 1953 —-[unus
306 1910 484 1951 Multorum]
510 1912 667 1949 ‘adeoque
687 1910 883 1949 popularibus
907 1908 1171 1947 superstitionibus
1197 1906 1366 1936 obnoxius.’

138 1955 267 1986 Lucian.
292 1957 394 1985 Somn.
419 1956 449 1990 9,
477 1955 543 1984 τῶν
567 1951 600 1983 ἐκ
628 1953 686 1983 τοῦ
711 1951 840 1982 πολλοῦ
867 1949 970 1991 δήμου
993 1947 1102 1986 ‘lc-*-
1117 1948 1209 1990 [Tam
1231 1947 1365 1988 nigrum]

136 2001 145 2015 ⁴
160 1999 242 2028 diem
266 2004 376 2031 atrum,
400 1993 804 2034 infaustum.’—[surrea·e]
827 2003 882 2032 pro
905 1995 1077 2028 surrexisse,
1100 1999 1135 2022 ut
1162 1992 1257 2022 Lucil.
1282 1991 1311 2026 3,
1335 1991 1366 2025 4,

137 2043 252 2071 invasse
266 2053 275 2074 ,·
297 2042 326 2075 5,
347 2040 372 2076 1,
388 2040 417 2076 2,
432 2041 560 2073 mansti5
580 2039 685 2067 Horat.
703 2039 763 2067 Sat.
782 2037 809 2072 l,
825 2038 854 2072 5,
870 2035 920 2072 79,
937 2045 1160 2074 erepsemus.—-
1170 2033 1239 2074 [sub
1253 2031 1365 2072 cultro]

139 2084 225 2122 quasi
237 2083 388 2112 victimam
404 2092 421 2111 a
437 2083 514 2120 popa
524 2083 650 2120 jamjam
666 2080 867 2109 mactandam.

181 2125 315 2161 75—78.
341 2121 571 2164 [Adversarius]
597 2123 681 2152 ldem
704 2123 764 2159 ille,
789 2122 826 2151 de
847 2130 907 2159 quo
929 2124 974 2150 est
989 2129 1016 2149 v.
1032 2118 1083 2154 37,
1100 2128 1160 2148 non
1175 2117 1252 2148 alius
1269 2126 1366 2148 novus

138 2165 503 2207 petitor.—[Inclamat]
527 2167 652 2195 verbum
675 2165 764 2202 longe
791 2162 1010 2201 significantius
1032 2171 1123 2200 quam
1147 2161 1186 2190 al.
1210 2161 1365 2190 exclamat.

140 2209 190 2239 Sic
205 2210 304 2239 Graeci
327 2207 451 2250 ἐμβοᾷν
474 2206 600 2239 τινί.-
612 2203 790 2246 [antestari]
815 2207 822 2221 ‘
837 2211 911 2235 teste
927 2210 956 2234 te
972 2204 1027 2240 uti,
1050 2203 1128 2242 quod
1145 2203 1254 2242 judicii
1275 2203 1367 2232 causa

138 2253 208 2281 volo
237 2262 361 2281 manum
385 2252 528 2290 injicere!
587 2251 665 2280 Nam
689 2250 753 2278 haec
779 2254 844 2278 erat
872 2247 1074 2277 consuetudo:
1107 2245 1132 2275 si
1161 2245 1229 2283 quis
1255 2245 1366 2274 vadato

141 2305 201 2325 non
225 2295 384 2333 paruisset,
405 2294 434 2323 ei
455 2288 644 2323 adversarius
667 2292 798 2329 aliquem
816 2291 852 2320 de
873 2289 1070 2328 praesentibus
1093 2289 1310 2322 antestabatur‚
1332 2285 1367 2316 id

139 2343 196 2375 est,
211 2338 354 2375 tangebat
369 2337 434 2375 ejus
454 2345 558 2366 aurem
574 2341 605 2365 et
619 2335 747 2371 dicebat,
769 2334 891 2364 Licetne
906 2331 1088 2362 antestari?
1112 2331 1143 2361 Si
1159 2329 1367 2369 respondisset
