1390 2586
150 100 203 138 96
484 110 798 140 EPISTOLARUM
827 113 915 142 Lm.
937 115 986 143 11.
1007 104 1047 143 2.

153 210 217 250 Ac
237 209 381 264 potius,
404 224 505 265 puer
525 218 570 251 ut
590 211 700 252 festis
722 211 1045 268 Quinquatribus
1065 214 1173 265 olim,

152 265 317 321 Exiguo
337 276 532 321 gratoque
554 267 694 307 fruaris
716 276 894 323 tempore
915 270 1069 325 raptim.

153 321 386 376 Pauperies‚
410 322 614 363 immunda
634 323 786 372 domus,
810 326 945 379 procul
966 326 1094 367 absit:
1126 342 1217 383 ego,
1240 336 1373 370 utrum

152 377 269 418 Nave
290 378 393 418 ferar
414 379 562 434 magna
581 393 631 419 an
652 381 786 433 parva,
807 381 911 422 ferar
933 397 1034 423 unus
1054 390 1095 423 et
1114 383 1234 424 idem.

152 433 247 473 Non
268 433 424 488 agimur
445 435 606 475 tumidis
626 436 724 476 velis
747 437 951 491 Aquilone
971 440 1170 487 secund03
1292 443 1372 482 200

154 489 247 530 Non
270 499 402 530 tamen
423 490 599 531 adversis
619 501 777 533 aetatem
798 493 979 534 ducimus
1002 494 1185 545 Austri83

152 545 328 594 Viribus,
351 546 527 601 ingenio,
550 548 695 602 specie,
720 549 877 598 virtute,
899 549 999 598 loco,
1022 565 1077 599 re,

153 601 337 642 Extremi
359 603 590 656 primorum,
613 605 803 645 extremis
825 620 951 660 usque
971 605 1134 660 priores.

152 657 248 697 Non
269 673 310 698 es
331 673 493 698 avarus:
515 659 593 699 abi.
635 659 778 707 Quid?
798 670 930 702 cetera
943 662 1029 716 Jam
1049 662 1166 703 simul
1187 662 1263 704 isto

154 713 259 754 Cum
282 714 378 755 vitio
398 714 568 770 fugere?
599 725 707 757 caret
727 716 799 757 tibi
820 726 960 771 pectus
981 717 1091 758 inani
1291 721 1372 759 205

153 770 422 811 Ambitione?
452 779 559 812 caret
579 772 715 813 mortis
736 773 947 814 formidine
969 782 1010 815 et
1029 773 1119 815 ira?

156 826 333 875 Somnia,
357 835 525 868 terrores
547 828 733 882 magicos,
756 829 956 878 miracula,
978 844 1105 884 sagas,

155 881 384 923 Nocturnos
405 883 577 924 lemures
597 892 861 940 portentaque
885 885 1080 926 Thessala
1099 885 1233 928 rides?

153 938 320 979 Natales
339 947 452 993 grate
474 940 691 982 numeras?
721 941 894 996 ignoscis
913 940 1084 983 amicis?

154 994 305 1035 Lenior
326 1003 367 1035 et
387 995 527 1035 melior
547 995 592 1036 fis
612 997 828 1038 accedente
849 997 1042 1039 senecta?
1290 1001 1372 1039 210

153 1050 263 1098 Quid
285 1059 324 1092 te
346 1053 663 1106 exemptajuvat
681 1053 805 1106 spinis
827 1053 876 1094 de
897 1054 1079 1108 pluribus
1098 1053 1209 1095 una?

153 1107 303 1147 Vivere
323 1107 356 1147 si
377 1115 484 1147 recte
506 1108 645 1156 nescis,
667 1109 816 1149 decede
836 1109 987 1164 peritis.

153 1162 306 1204 Lusisti
325 1163 431 1212 satis,
454 1163 571 1204 edisti
592 1164 698 1214 satis,
720 1173 842 1220 atque
863 1165 1023 1207 bibisti:

153 1219 336 1274 Tempus
355 1219 464 1260 abire
487 1219 559 1260 tibi
580 1229 661 1270 est;
693 1236 744 1261 ne
765 1231 902 1276 potum
923 1221 1073 1277 largius
1093 1236 1209 1277 aequo

155 1275 304 1317 Rideat
324 1283 365 1317 et
385 1275 517 1331 pulset
537 1276 682 1318 lasciva
702 1277 909 1319 decentius
929 1286 1036 1320 aetas.
1292 1281 1374 1319 215
