1390 2586
376 117 697 147 musi-omnum
728 117 816 146 Lm.
838 117 887 145 Π.
908 105 949 146 2.
1235 104 1287 144 91

41 219 157 270 Quin
179 220 300 262 etiam
321 227 440 263 canet
460 220 682 270 indoctum,
705 219 776 262 sed
796 218 915 260 dulce
937 218 1106 260 bibenti.

42 277 180 320 Multa
200 277 320 319 fidem
343 278 539 334 promissa
560 278 710 328 levant,
735 277 803 319 ubi
824 276 985 332 plenius
1006 290 1125 332 aequo
1238 276 1290 315 10

39 334 202 378 Laudat
222 335 399 385 venales,
423 335 495 391 qui
519 335 607 377 vult
628 335 858 384 extrudere,
881 349 1050 375 merces.

41 391 128 435 Res
151 400 271 449 urget
290 407 356 434 me
378 393 515 434 nulla:
549 408 640 434 meo
661 408 749 434 sum
774 407 927 448 pauper
947 392 989 432 in
1011 407 1104 433 aere.

40 449 176 492 Nemo
198 451 274 492 hoc
295 466 547 505 mangonum
567 451 720 492 faceret
741 450 812 492 tibi
831 466 841 499 3
872 464 953 490 non
977 461 1131 491 temere
1151 463 1176 490 a
1197 462 1263 488 me

41 506 190 557 Quivis
210 508 335 551 ferret
354 508 462 549 idem
480 523 489 549 ε
521 508 647 550 semel
669 508 734 549 hic
756 507 938 556 cessavit,
961 516 1016 556 et,
1039 515 1086 548 ut
1106 506 1164 556 fit,

42 564 92 606 In
113 565 229 607 scalis
250 565 368 608 latuit
389 575 576 607 metuens
598 565 813 621 pendentis
835 564 1016 606 habenae.
1241 565 1291 604 15

40 621 132 665 Des
152 638 350 673 nummos,
375 633 547 680 excepta
567 622 668 664 nihil
691 632 730 664 te
751 623 784 664 si
805 623 903 678 fuga
923 621 1058 664 laeditss

41 679 119 723 Ille
141 680 244 722 ferat
263 681 438 737 pretium
462 696 595 736 poenae
615 695 793 730 securus,
817 680 974 735 opinor.

42 736 232 780 Prudens
252 739 386 781 emisti
408 739 620 780 vitiosum:
653 738 761 780 dicta
782 737 855 779 tibi
877 747 939 779 est
959 737 1050 779 lex:

42 793 278 852 Insequeris
301 806 436 838 tamen
460 796 567 838 hunc
588 804 629 838 et
650 795 721 838 lite
742 795 909 836 moraris
930 792 1104 851 iniqua?

22 895 23 898 ,
42 850 147 895 Dixi
170 869 233 895 me
255 853 416 910 pigrum
438 853 711 910 proficiscenti
734 853 821 903 tibi,
844 851 931 893 dixi
1236 853 1293 893 20

43 908 217 953 Talibus
237 911 378 953 officiis
398 926 524 968 prope
546 926 734 953 mancum
751 927 761 960 3
795 926 846 951 ne
868 925 959 951 mea
979 923 1110 952 saevus

19 983 27 991 ·’
41 966 238 1025 Jurgares
257 969 308 1010 ad
330 978 370 1012 te
391 969 499 1025 quod
522 968 694 1025 epistola
715 968 828 1010 nulla
847 968 1019 1010 veniret.

43 1024 158 1074 Quid
180 1034 266 1068 tum
286 1026 455 1083 profeci,
479 1041 638 1068 mecum
659 1026 851 1068 facientia
866 1026 962 1081 jura

45 1082 92 1124 Si
113 1092 247 1126 tamen
268 1083 476 1126 attentas?
536 1083 735 1133 Quereris
755 1098 877 1139 super
899 1083 975 1124 hoc
996 1081 1133 1133 etiam,
1155 1081 1267 1138 quod

43 1138 295 1198 Exspectata
315 1142 388 1184 tibi
410 1157 491 1183 non
513 1143 669 1184 mittam
692 1142 871 1183 carmina
890 1140 1080 1182 mendax.
1239 1142 1294 1181 25

43 1196 210 1240 Luculli
231 1199 347 1242 miles
367 1199 538 1242 collecta
557 1199 702 1241 viatica
722 1198 861 1241 multis

44 1255 273 1307 AErumnis,
295 1257 423 1299 lassus
442 1257 540 1299 dum
561 1264 684 1298 noctu
705 1256 851 1306 stertit,
872 1255 924 1297 ad
943 1269 1074 1297 assem

45 1313 309 1363 Perdiderat3
342 1323 433 1370 post
452 1314 529 1356 hoc
549 1315 769 1356 vehemens
791 1314 924 1369 lupus,
948 1321 990 1355 et
1009 1312 1085 1355 sibi
1108 1319 1150 1354 et
1169 1310 1276 1354 hosti

44 1372 178 1414 Iratus
199 1372 362 1427 pariter,
378 1373 536 1428 jejunis
556 1372 747 1413 dentibus
767 1386 874 1420 acer,

46 1429 288 1472 Praesidium
310 1429 447 1486 regale
468 1429 557 1471 loco
577 1429 739 1485 dejecit,
763 1438 809 1470 ut
827 1429 955 1478 aiunt,
1240 1429 1296 1468 30

47 1487 217 1528 Summe
238 1488 397 1529 munito
418 1496 459 1529 et
480 1487 696 1529 multarum
718 1486 844 1528 divite
865 1500 1014 1527 rerum.

47 1544 192 1587 Clarus
213 1545 265 1586 ob
285 1545 326 1586 id
347 1544 499 1587 factum
520 1545 636 1586 donis
657 1553 823 1586 ornatur
844 1542 1049 1585 honestis:

45 1602 212 1658 Accipit
232 1610 274 1644 et
296 1602 356 1644 bis
376 1602 482 1644 dena
502 1617 624 1658 super
645 1601 831 1644 sestertia
851 1601 1078 1642 nummum.

49 1659 172 1703 Forte
191 1660 267 1702 sub
288 1659 364 1702 hoc
385 1668 546 1716 tempus
567 1660 779 1702 castellum
801 1667 985 1701 evertere
1007 1666 1155 1714 praetor

47 1715 200 1760 Nescio
221 1717 331 1774 quod
351 1717 534 1773 cupiens,
558 1717 710 1759 hortari
731 1717 857 1773 coepit
878 1716 1054 1757 eundem
1240 1717 1295 1756 35

17 1829 20 1831 Α
46 1773 210 1825 Verbis,
233 1790 325 1831 quae
346 1775 489 1817 timido
510 1790 675 1831 quoque
696 1782 862 1831 possent
881 1774 1031 1816 addere
1053 1781 1260 1816 mentem:

48 1837 60 1858 ‘
73 1832 110 1882 I,
132 1834 236 1882 bone,
258 1848 333 1889 quo
353 1835 480 1874 virtus
500 1840 568 1874 tua
589 1840 623 1874 te
644 1839 756 1874 vocat
767 1848 783 1881 ,·
815 1834 830 1873 i
843 1833 943 1887 pede
957 1832 1105 1885 fausto,
1168 1848 1170 1853 ·

50 1889 239 1932 Grandia
259 1892 413 1932 laturus
432 1893 658 1932 meritorum
671 1892 854 1945 proemia.
919 1890 1032 1941 Quid
1049 1896 1130 1930 stas
1146 1887 1178 1930 ,Ψ

49 1945 151 1989 Post
170 1947 257 1990 haec
277 1948 345 1989 ille
366 1956 491 1997 catus,
514 1948 774 2004 quantumvis
796 1947 981 1996 rusticus,
1006 1948 1124 1997 ίΙὸὶί,

45 2004 128 2046 Ibit
146 2020 201 2055 eo,
225 2021 298 2062 quo
318 2007 390 2054 vis,
413 2008 483 2060 qui
501 2020 639 2047 zonam
651 2006 859 2061 perdidit‚’
881 2004 1028 2060 inquit.
1242 2005 1297 2044 40

50 2060 196 2105 Romae
217 2062 362 2104 nutriri
384 2062 482 2103 mihi
504 2063 688 2119 contigit,
711 2072 835 2118 atque
857 2061 1006 2112 doceri,

3 2158 8 2162 .
28 2164 30 2167 ,
47 2117 181 2162 Iratus
201 2120 338 2162 Graiis
359 2129 556 2176 quantum
579 2120 783 2162 nocuisset
806 2119 1001 2172 Achilles.

49 2174 253 2233 Arijecere
275 2178 392 2220 bonae
413 2177 534 2232 paulo
555 2177 645 2233 plus
665 2178 762 2219 artis
784 2177 977 2226 Athenae,

50 2233 217 2277 Scilicet
238 2244 282 2277 ut
302 2250 461 2291 possem
484 2250 606 2276 curvo
627 2235 866 2291 dignoscere
888 2243 1058 2283 rectum,

49 2291 191 2349 Atque
212 2293 319 2335 inter
339 2292 460 2334 silvas
482 2292 681 2334 Academi
702 2307 886 2348 quaerere
907 2306 1061 2333 verum.
1242 2293 1297 2330 45

50 2347 170 2392 Dura
188 2351 259 2392 sed
281 2365 470 2392 emovere
491 2349 580 2391 loco
600 2365 665 2391 me
688 2358 873 2406 tempora
891 2357 1021 2406 grat0,
