1390 2586
49 65 118 134 ιιᾷ.
132 106 156 130 ι.
173 94 240 138 10.]
479 90 860 124 misnensium.
1224 91 1306 134 143

48 200 216 233 omnibu!
229 197 351 237 canapis,
366 195 449 226 Num
464 195 547 234 capti
565 197 692 233 potuere
707 194 776 232 capi
786 194 802 222 ?
824 203 894 222 num
914 193 1036 223 incensa
1051 193 1195 224 cremavit
1213 193 1305 233 Traia

48 244 150 275 thou?
163 258 207 266 —
222 236 459 282 [nagissactos]
474 239 482 254 ⁸
495 238 610 277 majore
626 242 692 267 arte
706 237 878 267 elaboratos
891 235 909 271 ;'
926 241 960 266 ut
977 236 1076 266 Graeci
1094 234 1305 277 πεποιημένα

49 287 168 324 dieunt,
181 295 252 325 quo
265 293 335 314 eum
350 287 416 313 arte
432 283 513 312 elata
528 286 611 311 sunt.
656 280 721 310 Cic.
744 280 782 310 de
805 280 890 310 Orat.
913 279 944 316 3,
965 279 1017 316 48,
1040 281 1137 311 oratio
1155 281 1254 320 polita
1275 285 1306 311 et

48 328 141 370 foeta-
185 327 359 360 odammodo.

90 339 227 406 5⁹³?ss
252 368 304 411 [ac
317 367 359 410 ci]
386 369 459 398 Post
481 366 624 406 adjectivi
645 365 890 406 comparativum
912 365 997 396 haud
1012 376 1082 396 raro
1097 367 1180 406 apud
1195 371 1305 406 poetas

49 414 228 456 simpliciter
241 423 296 453 pro
309 423 398 453 quam
409 413 446 442 si.
492 413 555 441 Sat.
574 410 601 447 1,
617 411 648 446 2,
665 410 717 446 21,
731 420 788 440 non
800 420 830 440 se
844 409 931 449 pejus
944 411 1125 440 cruciaverit
1139 414 1230 450 atque
1244 412 1304 442 liic.

47 457 192 500 -.[1Ῑοι·
205 455 336 496 tantum]
353 457 362 472 ‘
374 456 405 485 Si
422 454 491 494 quis
508 455 565 484 hoc
581 460 702 484 tantum
718 459 891 490 contentus,
915 458 949 483 ut
971 454 1094 483 claudat
1110 454 1184 492 quid
1205 454 1304 484 hexa-

28 521 30 524 ν
47 502 165 539 nevit,
178 501 265 532 nulli
278 501 398 530 ratione
414 498 520 528 habita
534 507 721 527 caesurarum
744 502 776 526 et
797 496 894 537 ipsius
917 496 994 532 soni,
1011 497 1194 536 plerumque
1210 497 1304 528 nimis

48 545 148 587 aqreri
169 550 262 584 atque
283 543 408 581 ingrati,
430 547 514 571 amet
535 540 691 580 scripsisse
709 538 854 579 (aorist).’
871 545 928 571 cet.
963 540 1026 570 Csr.
1043 541 1104 571 Sat.
1125 540 1152 576 l,
1170 540 1201 580 4,
1215 542 1245 571 9.
1259 557 1303 564 —-

49 585 336 630 [monesi]
355 585 479 616 Cassius
495 585 545 614 hic
557 583 696 614 diversus
711 583 770 613 suit
786 593 804 613 a
817 583 924 614 Cassio
937 583 1107 621 Parmensi,
1123 593 1194 613 cum
1209 585 1302 615 laude

45 637 214 665 minorato
225 631 304 670 Epp.
322 631 349 666 l,
362 629 391 668 4,
402 629 432 665 3,
447 627 500 667 qui
515 637 578 667 quo
593 633 730 666 tempore
747 627 812 656 haec
826 627 920 656 satira
932 627 1100 666 composita
1115 633 1170 664 est,
1187 636 1218 657 A.
1230 636 1261 658 U.
1273 637 1303 658 c.

31 673 164 712 -ffldn
176 674 252 704 vivis
268 678 344 704 erat.
389 671 482 705 Quod
498 672 548 701 hic
564 676 667 700 narrat
681 670 829 700 Horatius
847 670 956 700 urbani
971 671 1100 710 alicujus
1115 671 1250 701 hominis
1266 681 1303 701 ac

26 718 188 750 -d-rkoris
211 718 270 748 suit
295 717 468 746 inventum.
484 731 527 737 --
544 712 746 754 [ferventius]
773 714 822 743 hic
849 714 930 744 malo
954 714 1138 752 significatu.
1185 714 1303 745 Contra

26 761 103 792 ‘ffl-
118 761 150 799 4,
168 762 200 797 2,
222 760 254 796 7,
275 761 384 790 Fervet
406 760 621 798 immensusque
644 759 707 788 ruit
730 755 880 797 profundo
903 758 1059 788 Pindarus
1081 767 1191 788 ore.·—·
1209 755 1301 797 [Am-

26 803 178 845 'ffltnmss
195 804 302 834 ‘libris
322 802 518 833 circumcirca
541 801 647 840 positis
670 801 844 830 ustulatus.y
902 801 951 831 Sic
972 801 1030 830 Od.
1047 801 1076 837 4,
1103 801 1152 836 ll,
1168 801 1220 838 25,
1235 812 1300 832 am-

26 853 31 874 ἱ
45 846 149 886 bine
162 848 328 878 Pha’e'thon.
373 846 522 876 Consulto
537 844 643 874 mitius
660 846 788 874 verbum
800 843 904 882 elegit,
920 853 958 874 ne
975 844 1067 874 nimis
1083 854 1148 874 rem
1164 854 1301 885 exagge-

26 907 28 915 ν
42 886 135 929 fuet,
151 901 213 922 non
228 892 417 921 combustum.
887 922 890 924 .

85 934 222 970 ⁶5—67.
247 931 388 974 [Fuerit]
412 930 464 962 ‘id
485 931 568 970 quod
584 940 638 960 vos
652 930 823 961 identidem
840 930 951 967 dicitis,
975 940 1033 970 ego
1055 940 1118 960 non
1142 931 1242 970 nego!
1257 947 1302 954 -·

45 975 163 1018 [Quam
175 975 277 1017 rudis]
295 978 303 993 ⁸
314 976 462 1006 Libenter
477 975 571 1005 etiam
587 975 721 1004 concedo
736 974 922 1004 limatiorem
947 984 1013 1004 esse
1036 974 1189 1004 Lucilium
1205 985 1300 1014 quam

43 1021 192 1058 Ennium,
207 1027 364 1051 auctorem
379 1018 500 1057 generis
516 1017 602 1048 rudis
619 1016 778 1057 (uncouth)
795 1023 825 1047 et
841 1023 965 1057 propter
981 1018 1060 1047 lianc
1075 1017 1173 1057 ipsam
1190 1019 1301 1049 rudem

22 1064 171 1096 *formam
187 1061 391 1105 (ἀγροικίαν)
413 1073 432 1092 a
452 1061 568 1092 Graecis
592 1071 753 1099 nunquam
770 1061 892 1099 tentati,
908 1061 941 1090 id
957 1067 1012 1098 est,
1036 1062 1162 1100 rejecti!
1208 1063 1301 1094 Ovid.

24 1110 25 1113 ’
43 1106 136 1143 Mt.
157 1109 188 1144 2,
213 1107 286 1143 424,
308 1107 426 1137 Ennius
447 1106 567 1145 ingenio
589 1106 746 1140 maximus,
769 1109 836 1135 arte
858 1106 952 1134 rudis.
967 1121 1011 1126 —-
1027 1102 1199 1144 [poetarum
1220 1108 1301 1136 seni-

22 1167 26 1178 2
42 1149 141 1192 m]
159 1151 239 1182 Livii
256 1149 436 1185 Andronici,
454 1149 513 1178 Cn.
530 1148 640 1184 Naevii,
658 1148 792 1184 Pacuvii,
811 1148 922 1182 Plauti.
939 1148 1053 1178 Caecilii
1071 1149 1171 1185 Statii,
1188 1149 1284 1179 Accii.

83 1193 220 1230 68-71,
257 1191 402 1233 [dilatus]
434 1192 632 1231 ‘prolatatus,
658 1191 854 1228 reservatus,’
885 1191 917 1220 id
945 1197 1003 1228 est,
1036 1191 1081 1221 ‘si
1102 1192 1200 1221 satum
1226 1203 1299 1223 eum
1352 1211 1355 1213 -

42 1239 147 1268 nostra
161 1243 251 1268 aetate
266 1236 369 1266 vivere
384 1235 550 1266 voluisset.'
564 1251 607 1256 —
624 1233 815 1274 [Detereret]
836 1235 929 1264 veluti
946 1235 1031 1271 lima,
1047 1236 1204 1272 recideret,
1220 1235 1298 1266 falce

42 1285 173 1320 putaret.
216 1280 316 1310 ‘Tum
339 1280 430 1318 longe
452 1278 542 1308 aliter
562 1278 753 1317 scripsisset;
777 1278 944 1317 politiores,
960 1279 1063 1308 minus
1078 1279 1178 1318 asperi
1194 1285 1299 1310 essent

41 1324 108 1364 eius
129 1333 247 1358 versus,
261 1324 370 1352 Graeca
391 1332 453 1352 non
476 1321 704 1356 immiscuisset,
729 1321 834 1350 omnia
855 1322 990 1358 vitasset,
1015 1331 1083 1360 quae
1108 1332 1190 1352 nunc
1213 1324 1298 1362 apud

42 1375 114 1398 eum
129 1366 307 1407 perfectioni
323 1365 450 1405 poeticae
463 1364 622 1394 officiunt:
638 1381 682 1386 —
698 1362 808 1404 [vivos]
827 1366 834 1380 ‘
847 1374 946 1403 usque
961 1365 999 1394 ad
1015 1365 1113 1404 ipsam
1129 1367 1274 1396 carnem!

85 1409 221 1446 72—77.
247 1407 364 1449 [stilum
379 1407 494 1448 vertas]
521 1407 685 1446 Superiore
708 1413 795 1446 parte
818 1408 879 1437 stili
904 1409 967 1437 lata
982 1408 1211 1444 oblitterabant,
1227 1420 1298 1448 quae

41 1452 74 1484 in
89 1455 161 1484 cerii
176 1458 342 1484 exararant
362 1451 506 1482 inferiore
521 1452 622 1481 acuta.
636 1467 678 1473 —
696 1448 834 1490 [Vilibus
856 1453 887 1481 in
911 1450 1006 1491 ludis]
1034 1451 1112 1491 Epp.
1133 1452 1160 1488 l,
1177 1453 1227 1489 20,
1247 1452 1297 1488 17.

39 1512 84 1519 --
99 1494 244 1537 [dictari]
262 1495 384 1526 Persius
410 1495 437 1530 l,
460 1495 514 1529 22,
540 1495 567 1524 T
565 1495 610 1525 en’
635 1496 813 1524 cirratorum
836 1498 953 1524 centum
976 1496 1093 1525 dictata
1112 1493 1212 1534 fuisse
1235 1497 1298 1527 Pro

39 1541 133 1572 nihilo
142 1541 282 1580 pendas!
296 1555 338 1561 —
356 1536 514 1579 [equitem]
539 1538 572 1567 id
588 1543 644 1574 est,
659 1539 667 1554 ‘
678 1538 819 1567 homines
836 1537 933 1567 cultos
955 1544 1048 1577 atque
1071 1539 1146 1568 artis
1169 1539 1295 1578 peritos,

0 1612 1 1620 ἶ
41 1584 146 1625 quales
160 1584 280 1623 equites
296 1583 453 1612 Romanos
469 1591 535 1611 esse
551 1581 659 1611 decet)
675 1598 719 1602 —
736 1579 941 1621 [Arbuscula]
959 1581 1054 1611 mima
1070 1582 1194 1613 eximia.
1231 1583 1295 1614 Cic.

40 1626 80 1657 ul
95 1627 159 1657 Au.
174 1627 206 1662 4,
223 1627 272 1662 15,
290 1627 407 1658 Quaeris
422 1635 500 1655 nunc
515 1625 551 1655 de
567 1625 739 1655 Arbuscula
750 1636 760 1654 .-
783 1625 870 1655 valde
887 1626 1016 1664 placuit.

82 1668 218 1706 78-80.
237 1667 423 1710 [Pantilius]
436 1670 454 1685 ‘⁸
468 1668 617 1698 Pantilius
634 1678 747 1698 nomen
763 1674 809 1697 est
824 1668 892 1697 vilis
909 1675 1007 1708 poetae
1022 1674 1052 1698 et
1067 1669 1294 1700 maleolentis.''

40 1712 151 1744 Comm-
170 1714 219 1743 Cr.
244 1713 306 1743 Sed
321 1714 452 1743 cimicem
467 1711 568 1750 potius
583 1712 718 1751 appellat
739 1721 758 1741 a
779 1711 890 1750 putida
912 1718 943 1741 et
959 1712 1042 1741 soeds
1058 1713 1294 1749 maledicentia:

39 1755 119 1786 elam
133 1756 323 1787 adversarios
345 1757 512 1794 pungebat,
530 1760 564 1784 ut
583 1755 683 1784 solent
699 1754 830 1784 cimices.
844 1771 888 1776 —
905 1753 1109 1796 [Demetrius]
1128 1756 1210 1786 idern
1227 1767 1295 1787 mo-

38 1799 172 1836 ululatur,
187 1809 279 1839 quem
294 1808 322 1828 v·
344 1798 383 1828 18
398 1799 515 1828 simiam
531 1803 627 1828 vocat.
673 1799 840 1828 Construe:
865 1799 940 1829 men'
964 1804 1077 1829 moveat
1100 1801 1194 1830 cimex
1208 1801 1294 1830 Pan-

38 1843 125 1875 filiae
149 1847 203 1873 aut
228 1843 342 1873 cruciet
365 1842 452 1877 illud,
478 1841 555 1881 quod
580 1846 636 1871 cet.
680 1842 818 1872 Fannius
842 1843 1028 1879 Quadratus,
1052 1843 1145 1882 poeta
1168 1843 1294 1883 ineptus

38 1883 120 1927 (Sat.
140 1885 168 1923 l,
183 1886 214 1923 4,
231 1885 288 1926 21)
304 1885 335 1916 h.
357 1885 377 1915 l.
396 1884 602 1923 Hermogenis
619 1884 754 1924 Tigellii,
777 1885 911 1916 hominis
934 1896 1022 1925 aeque
1045 1886 1178 1923 molesti,
1200 1897 1292 1927 para-

41 1991 54 2002 ..
81 1971 218 2004 til—84.
241 1969 376 2011 Plotius]
402 1971 448 2001 De
471 1971 571 2001 Plotio
593 1976 624 2001 et
651 1971 742 2001 Vario
764 1981 794 2002 v.
818 1973 880 2002 Sat.
905 1971 934 2011 1,
957 1973 986 2009 5,
1009 1973 1060 2003 40.
1110 1973 1145 2003 T.
1167 1973 1294 2012 Valgius

37 2012 150 2057 Μαι,
169 2021 260 2055 poeta
283 2015 387 2055 epicus
409 2019 441 2044 et
462 2014 625 2052 elegiacus,
639 2015 680 2044 ad
695 2024 786 2053 quem
801 2022 847 2045 est
863 2017 921 2046 Od.
938 2017 966 2053 2,
983 2017 1014 2047 9.
1038 2016 1106 2046 Tib.
1125 2016 1156 2051 4,
1174 2016 1203 2053 l,
1222 2017 1292 2047 180.

36 2059 227 2099 &vectonia-s
247 2065 340 2098 poeta
362 2063 394 2088 et
416 2057 589 2094 historicus,
612 2058 645 2086 in
668 2059 754 2096 cujus
776 2064 905 2088 mortem
924 2065 970 2089 est
986 2059 1108 2097 Virgilii
1126 2060 1223 2089 Catal.
1241 2059 1291 2090 14.

37 2094 154 2135 mm
166 2103 303 2132 Arma-us
319 2102 383 2131 Sat.
402 2101 429 2137 1,
443 2101 474 2137 9,
490 2099 541 2130 61.
578 2101 659 2131 Vim·
673 2100 748 2131 ibid.
765 2111 792 2132 v.
809 2103 858 2132 22.
872 2119 915 2125 -
933 2100 1119 2142 [Ambitione
1135 2102 1289 2144 nugam]

38 2139 170 2188 ‚mucul
184 2145 320 2185 profecto
335 2146 443 2174 absum
458 2154 476 2173 a
491 2143 620 2182 gloriola
635 2145 796 2183 captanda,
812 2155 908 2184 quum
924 2155 987 2181 vos,
1002 2146 1035 2175 in
1052 2146 1100 2175 his
1116 2146 1209 2176 etiam
1225 2147 1289 2186 pri-

38 2194 139 2222 m
158 2188 302 2224 civitatis,
326 2188 541 2223 Maecenatem,
559 2186 703 2217 Asinium
725 2188 894 2219 Pollionem
911 2188 987 2229 (Od.
1004 2190 1034 2226 2,
1052 2188 1098 2229 1),
1114 2190 1289 2228 Messalam,

38 2228 121 2266 Μ
131 2232 245 2263 amicos
260 2241 346 2261 meos
361 2230 530 2261 enumero!

42 2271 48 2299 ἶ
70 2273 135 2312 385,
148 2274 200 2306 86.
226 2273 364 2315 [fratre]
393 2275 431 2307 Q.
456 2273 550 2304 Pedio
573 2273 738 2313 Poplicola.
762 2274 840 2305 Vide
862 2285 956 2315 supra
974 2285 1003 2304 v.
1020 2275 1124 2306 28.—
1141 2274 1287 2317 [Bibule]

42 2314 243 2358 *antipam
279 2320 395 2348 etenim
422 2326 572 2356 perquam
598 2316 819 2348 inconcinnum
844 2319 967 2349 videtur
989 2318 1064 2349 hoc:
1090 2321 1158 2350 ‘vos
1180 2317 1288 2360 (duo),

41 2356 303 2403 Ultimum)
318 2366 350 2394 et
364 2360 410 2402 (te
425 2359 539 2401 unum)
555 2361 640 2392 Servi
657 2359 888 2402 (praeuomen).'
935 2362 1082 2394 Bibulum
1097 2364 1145 2394 vel
1161 2363 1288 2394 Bibulos
