1390 2586
140 76 219 118 114·
569 78 935 128 mreuraernlo.
1084 97 1087 100 r
1268 79 1363 123 [m.

139 176 230 205 vertit
254 176 338 206 filum
367 176 521 211 orationis,
550 182 584 206 ut
608 177 631 206 si
655 178 796 207 hominem
822 177 958 214 dixisset,
980 188 1042 208 non
1069 183 1186 218 partem
1210 181 1364 210 hominum.

140 219 260 248 Marcil.
287 220 331 248 De
348 229 402 247 usu
421 229 438 246 v
463 223 608 257 quatenus
622 219 674 248 cfr.
691 220 746 249 Od.
763 220 792 253 3,
809 220 862 254 24,
877 220 927 250 30.
938 237 982 242 -
993 219 1108 261 [facit]
1132 224 1140 238 ⁴
1152 221 1264 252 misera
1279 223 1342 253 est-¹

181 261 316 296 68—71.
341 259 521 300 [Tantalus]
546 262 658 290 Versus
683 262 833 297 heroicus,
858 262 983 292 sortasse
1009 273 1047 293 ex
1073 265 1163 301 poeta
1185 264 1288 302 aliquo
1312 266 1366 294 de-

139 310 279 341 sumptus
296 305 340 332 vel
364 304 470 332 leviter
491 303 680 338 immutatus,
704 310 743 339 et,
767 310 800 333 ut
821 305 864 334 ait
880 306 989 342 Acron,
1014 305 1209 344 παθητικῶς
1229 315 1366 345 pronun-

140 346 271 384 tiandus.
319 347 399 375 Hinc
420 347 499 375 ridet
521 356 629 375 avarus
652 348 736 384 quasi
760 347 881 382 dicens;
905 348 983 384 ‘Ah‚
1006 351 1099 387 probe
1121 350 1202 383 novi,
1221 358 1283 387 quo
1301 357 1367 379 rem

141 389 327 417 deducturus
342 389 392 420 sis.
416 394 449 417 ut
469 388 571 417 fabula
593 388 646 417 illa
665 398 683 418 a
703 389 858 427 sapientise
874 390 1024 428 magistris
1042 392 1111 429 jam·
1129 391 1300 420 sexcenties
1314 392 1367 421 de-

139 431 260 459 cantati
273 441 321 460 me
334 431 556 469 reprehendas:
573 440 676 460 verum
689 432 798 461 occidit
811 433 929 462 miseros
939 434 1055 463 crambe
1069 429 1184 464 recocta
1193 433 1368 462 auditores.'

141 472 199 502 Cui
215 479 303 510 poeta
317 484 324 507 ;
348 475 356 489 ¹
368 475 412 502 Re
425 474 495 502 vera
510 473 584 501 illud
598 474 689 507 volui,
705 474 848 511 quoniam
861 474 960 512 aptior
974 475 1074 513 imago
1089 482 1150 505 tuae
1162 475 1369 514 perversitatis

141 515 268 553 reperiri
290 515 339 544 vix
363 521 500 554 poterat3
524 525 628 544 verum
655 516 753 545 missis
776 516 884 546 fabulis
903 518 1085 554 jamdudum
1113 518 1191 547 tritis
1216 527 1252 548 ac
1274 527 1368 556 prope

140 557 282 592 anilibus,
297 558 404 587 Latine
418 564 516 586 tecum
533 558 658 595 loquar!
670 573 711 580 ·—
724 556 852 597 [mutato
866 557 996 598 nomine]
1019 562 1026 576 ‘
1036 561 1096 589 alia
1110 567 1156 590 est
1171 569 1308 598 persona,
1321 570 1370 589 res

140 600 268 628 eadem.’
279 616 320 621 —
334 598 512 639 [lndormis]
542 602 549 615 ⁴
563 600 687 629 incubas
704 607 804 636 noctu,
828 611 888 639 quo
903 601 1119 632 furesarceaa’
1164 603 1247 640 Virg.
1265 603 1321 632 Ge.
1338 602 1369 638 2,

141 641 212 677 507,
229 640 396 681 defossoque
412 644 532 671 incubat
546 653 627 672 auro.
636 658 680 664 -
690 641 838 683 [inhians]
862 645 870 659 ‘
880 649 1036 682 tamquam
1050 654 1102 674 ore
1116 651 1222 683 aperto
1234 651 1371 683 captans,

141 685 250 722 cupide
279 685 444 723 appetens.¹
457 701 498 705 —
513 683 639 724 [sacris]
665 687 673 701 ‘
685 695 752 722 quae
779 695 818 714 ne
843 686 1019 724 contingere
1045 687 1168 724 quidem
1197 687 1312 716 nedum
1337 686 1370 716 in

141 736 230 756 usum
247 727 458 764 quotidianum
475 728 643 765 quidquam
658 728 729 757 inde
745 728 867 757 demere
883 729 973 758 licet.’
1017 729 1078 758 Sat.
1094 730 1124 764 2,
1139 730 1170 764 3,
1187 729 1256 759 110.

184 769 318 804 73-79.
343 768 415 809 [quo
428 767 543 809 valeat]
569 770 625 799 ‘ad
645 771 717 807 quid
741 770 795 800 tibi
813 771 1003 808 parandum!
1015 786 1058 793 —
1071 770 1250 810 [sextarius]
1274 780 1371 809 quan·

141 815 206 840 tum
219 812 283 841 viro
299 813 478 850 temperanti
491 811 521 841 in
535 812 614 841 diem
627 813 745 842 sufficit.
754 829 795 834 —
804 811 913 852 [Queis
922 811 1065 854 humana]
1079 817 1087 829 ⁴
1099 820 1206 849 vestes,
1218 814 1371 849 balneum,

141 863 215 883 usus
230 855 387 883 mulieris!
424 855 571 884 Schol.—
581 853 798 893 [malosftcres]
823 855 951 885 wolfius
966 856 1153 894 comparavit
1172 853 1372 896 κακούργους

141 895 278 931 κλῶπας
300 897 412 926 Herod.
436 896 464 931 l,
485 897 534 926 41.
580 897 628 926 Sic
649 898 710 927 Sat.
736 897 763 932 l,
783 897 812 932 6,
833 898 883 933 68,
903 899 981 928 mala
1003 900 1108 928 lustra.
1130 899 1160 934 2,
1179 898 1205 933 l,
1219 898 1271 933 56,
1292 899 1372 928 mata

141 941 246 968 cicuta.
272 940 301 974 2,
325 941 354 974 5,
379 939 447 974 135,
470 940 555 969 malae
574 940 686 969 Furiae.
731 940 786 968 Est
806 940 899 978 igitur
920 941 1081 970 ‘molestos
1102 950 1136 970 ac
1159 940 1371 970 detestabiles-³

140 997 183 1002 -
196 979 384 1020 [compilent]
409 983 574 1020 Compilare
592 983 719 1021 aliquem
738 982 829 1011 etiarn
850 982 881 1011 in
902 984 992 1021 prosa
1005 993 1048 1012 or.
1073 983 1135 1013 Cic.
1153 984 1190 1012 de
1207 985 1258 1012 Or.
1274 983 1304 1019 2,
1319 982 1371 1018 66,

140 1025 233 1053 malui
255 1026 409 1063 compilari
427 1035 514 1063 quam
529 1026 636 1054 venire.
646 1040 688 1045 —
702 1023 836 1063 [pauper
849 1040 891 1046 —
906 1023 1059 1065 bonorum]
1083 1032 1117 1054 ut
1131 1027 1184 1055 Sat
1209 1026 1238 1060 2,
1253 1025 1283 1060 3,
1303 1025 1372 1061 142,

137 1076 254 1104 pauper
268 1068 396 1106 argenti.
439 1069 447 1082 ⁴
463 1067 579 1096 Harum
603 1067 843 1096 sollicitudinum
863 1077 899 1097 ac
922 1068 1128 1097 molestiarum
1151 1077 1189 1098 ex
1211 1067 1281 1103 illis,
1303 1077 1372 1106 quae

141 1118 194 1138 vos
210 1110 288 1137 bona
305 1109 426 1144 vocatis,
442 1119 562 1147 semper
576 1109 761 1138 orientium!

184 1151 319 1181 80—83.
345 1150 403 1190 [At
417 1151 459 1189 si]
486 1152 560 1181 Haec
582 1161 637 1190 per
655 1149 821 1191 εἰρωνείαν
842 1151 994 1188 dicuntur,
1016 1152 1064 1182 cui
1078 1152 1158 1182 serio
1172 1152 1374 1190 respondetur

141 1202 169 1223 V.
186 1193 235 1223 84.
247 1209 287 1215 -
301 1192 478 1233 [condoluit]
502 1196 510 1210 ⁴
523 1200 633 1223 tactum
651 1200 695 1223 est
710 1194 832 1230 dolore,’
846 1203 864 1223 a
877 1204 904 1223 v.
918 1196 1127 1230 condolescere,
1139 1204 1198 1224 non
1210 1195 1374 1224 condolere.

140 1251 182 1257 —
195 1234 357 1274 [tentatum
365 1235 500 1275 frigore]
523 1236 598 1265 febri
613 1242 797 1275 correptum,
820 1243 853 1266 ut
867 1246 948 1275 saepe
962 1247 989 1267 v.
1005 1242 1120 1267 tentare
1141 1238 1180 1266 de
1199 1238 1374 1267 morborum

141 1279 374 1308 accessionibus.
387 1295 427 1300 --
441 1277 568 1318 [affixit]
585 1280 593 1294 ‘
607 1279 687 1314 fecit,
700 1284 733 1307 ut
748 1279 862 1308 diutius
878 1279 932 1308 tibi
949 1281 1121 1309 cubandum
1136 1279 1234 1310 esset-¹
1259 1280 1375 1309 Seneca

143 1321 203 1358 Ep.
221 1321 271 1356 67,
296 1323 363 1360 Ago
374 1324 492 1360 gratias
506 1323 660 1356 senectuti,
676 1322 753 1360 quod
767 1331 811 1351 me
826 1323 931 1352 lectulo
946 1323 1050 1360 affixit.
1062 1338 1105 1344 —
1116 1319 1278 1362 [Suscita]
1297 1323 1305 1338 ⁸
1317 1323 1372 1352 bo·

141 1372 212 1392 nam
228 1365 433 1392 valetudinem
449 1364 504 1393 tibi
519 1362 680 1394 restituat?

184 1406 320 1436 84—91.
346 1405 432 1445 [Non
455 1404 544 1444 uxor]
569 1406 689 1435 ‘Immo
711 1415 802 1436 nemo
824 1406 869 1435 tui
889 1416 992 1436 curam
1014 1404 1265 1446 μήθ-[μυσί
1278 1407 1374 1436 omnia

137 1446 250 1487 ponas]
274 1449 422 1478 Similiter
442 1449 589 1478 dividitur
614 1453 790 1487 anteponere
815 1459 833 1478 a
854 1449 917 1480 Cic.
939 1449 998 1478 Off.
1019 1449 1050 1482 3,
1077 1449 1126 1485 17,
1150 1449 1274 1479 Malitia
1295 1450 1375 1479 mala

143 1492 225 1520 honis
236 1493 320 1529 ponit
335 1496 414 1521 ante.
426 1507 469 1512 —
482 1490 549 1531 [An
564 1489 606 1530 si]
623 1488 694 1521 κατ’
710 1489 885 1532 εἰρωνέίαν.
908 1493 916 1508 ‘
930 1493 979 1521 An
993 1501 1110 1530 (meram
1124 1492 1235 1530 perdas
1249 1491 1375 1529 (frustra

142 1534 287 1572 labores),
301 1535 328 1563 si
342 1539 490 1573 cognatos,
514 1544 584 1573 quos
604 1534 684 1562 nullo
701 1532 783 1572 (tuo)
799 1534 898 1563 labore
912 1538 1021 1563 natura
1037 1535 1093 1563 tibi
1107 1535 1161 1563 dat
1177 1531 1271 1572 (ultro
1286 1533 1376 1563 offert

141 1581 233 1613 atque
250 1575 390 1615 praebet),
406 1578 514 1606 amicos
529 1574 621 1615 (bene
642 1577 679 1605 de
699 1576 736 1605 iis
756 1574 917 1613 merendo)
933 1578 1060 1606 retinere
1079 1585 1253 1616 servareque
1274 1577 1346 1606 velis
1358 1577 1374 1606 ?

142 1624 175 1648 ut
190 1618 329 1656 (prorsus
343 1628 467 1657 operam
482 1618 598 1657 perdit)
613 1619 639 1648 si
655 1619 721 1657 quis
735 1623 792 1648 cet.
823 1618 952 1647 Minime
966 1627 1055 1647 vero:
1081 1628 1151 1647 nam
1173 1618 1308 1653 caritate,
1325 1617 1374 1647 in-

143 1661 302 1698 dulgentia
318 1661 498 1690 liberalitate
512 1661 653 1690 facillime
667 1661 789 1694 efficies,
812 1666 845 1690 ut
861 1666 890 1690 te
904 1666 1007 1690 ament
1022 1660 1162 1698 cognati!
1174 1676 1216 1682 -—
1229 1658 1374 1700 [Infelix]

144 1703 187 1732 Ut
207 1700 322 1743 μέλεος
342 1709 387 1732 est
409 1703 573 1738 interdum,
594 1703 666 1741 ‘qui
682 1703 799 1741 aliquid
820 1703 891 1732 facit
909 1702 1086 1732 infeliciter’
1106 1701 1196 1741 (Eur.
1214 1703 1268 1732 lon
1285 1702 1374 1740 914.)

142 1745 186 1775 sic
202 1746 230 1775 h.
249 1747 266 1774 1.
284 1755 343 1774 non
361 1746 455 1775 nialus
469 1755 504 1775 ac
520 1755 613 1784 prope
627 1746 798 1780 sceleratus,
823 1755 879 1775 nec
894 1752 940 1775 est
957 1745 1118 1780 vocativus,
1134 1746 1205 1775 sed:
1231 1745 1326 1774 ‘adeo
1343 1750 1376 1774 ut

142 1787 208 1826 ipse
223 1788 362 1817 dolenter
377 1788 499 1823 sentias,
524 1797 615 1825 quam
631 1788 758 1817 adversa
779 1788 899 1816 fortuna
920 1788 1014 1816 utaris
1029 1788 1173 1825 omnique
1189 1797 1291 1816 careas
1306 1796 1374 1816 auc-

143 1840 228 1860 cessu
244 1829 276 1859 in
293 1830 472 1863 rationibus,
493 1840 561 1868 quae
578 1830 632 1859 tibi
648 1840 716 1860 cum
737 1830 917 1869 propinquis
932 1830 992 1859 tuis
1006 1829 1219 1859 intercedunt)
1231 1827 1378 1869 -[a2el-

143 1870 220 1912 lum]
237 1874 245 1888 ‘
257 1873 343 1911 quasi
366 1879 445 1902 esset
462 1882 559 1910 equus
578 1872 764 1910 generosus!
809 1873 818 1889 ‘
832 1874 886 1902 Est
907 1878 1010 1902 autem
1033 1872 1220 1910 proverbiale
1243 1872 1377 1907 schema,

142 1916 246 1945 docere
267 1916 382 1944 asinum
403 1915 542 1945 currere!
589 1915 695 1945 Comm.
727 1915 816 1954 Cruq.
829 1931 871 1936 --
884 1913 939 1955 [In
969 1912 1093 1954 Campo]
1120 1915 1240 1950 Martio,
1264 1919 1300 1944 ut
1319 1914 1376 1943 Od.

147 1957 173 1994 l,
190 1958 219 1992 8,
233 1958 262 1987 4.
293 1959 321 1993 2,
337 1958 367 1992 9,
388 1958 434 1987 18.
451 1963 508 1987 cet.

186 2001 320 2030 92—94.
347 1997 515 2040 [Denique]
539 2000 619 2029 Cave
643 1999 810 2028 confundas
829 2009 898 2029 cum
919 2004 996 2038 part.
1021 1999 1138 2029 tandem
1163 1998 1377 2036 intelligasque

145 2042 183 2071 de
199 2050 343 2081 tempore.
381 2043 451 2072 Est:
480 2045 487 2058 ‘
499 2048 590 2080 atque
606 2042 671 2071 haec
687 2042 763 2071 adeo
778 2051 898 2071 summa
913 2048 957 2071 est
973 2047 1191 2080 praeceptorum
1208 2041 1377 2075 meorum;’

145 2085 197 2113 ‘in
219 2096 238 2114 a
260 2087 351 2121 word,
373 2087 403 2114 in
418 2085 570 2115 short.’—
584 2083 743 2124 [quumque
763 2086 873 2114 habeas
890 2082 974 2123 plus]
998 2087 1006 2100 ⁸
1020 2084 1086 2122 plus
1103 2093 1194 2122 quam
1216 2082 1379 2112 necessitas

145 2128 297 2164 postulat3
322 2129 389 2166 plus
412 2137 503 2165 quam
527 2127 619 2156 habet
642 2128 830 2165 reliquorum
851 2127 1010 2156 hominum
1033 2135 1143 2164 magna
1169 2125 1257 2164 pars.y
1271 2123 1379 2165 —-[ne

137 2166 257 2207 socias]
285 2172 290 2184 ¹
306 2180 342 2198 ne
358 2170 438 2199 inter
458 2176 638 2208 perpetuum
661 2178 775 2198 metum
801 2175 831 2199 et
849 2170 1016 2199 cruciatum
1033 2169 1127 2204 vivas,
1154 2173 1188 2197 ut
1204 2167 1379 2197 Ummidius

145 2211 208 2248 ille,
230 2221 320 2249 quem
344 2218 445 2241 tamen
467 2213 513 2241 vel
535 2211 677 2242 maximae
700 2212 907 2241 solicitudines
929 2217 1028 2241 tutum
1049 2220 1110 2240 non
1133 2210 1340 2249 praestiterunt
1361 2218 1380 2239 a

147 2253 317 2282 miserrimo
332 2255 447 2283 exitio!

189 2296 344 2326 95—100.
368 2295 571 2336 [Ummidius]
602 2297 702 2326 nomo
723 2297 813 2336 hujus
836 2295 978 2332 nominis,
998 2277 1106 2334 hospes
1129 2294 1162 2324 L.
1179 2293 1286 2324 Marcii
1307 2293 1380 2324 pm-
