1390 2586
410 97 731 128 EP1s'roLARuM
762 97 852 126 Lm.
875 98 905 127 1.
926 86 966 126 2.
1266 86 1319 126 57

0 236 1 239 η
69 202 110 244 Α
130 208 302 259 praetore
323 199 420 250 dati,
441 214 577 242 rerum
599 199 728 242 tutela
748 214 929 241 mearum

69 259 212 309 Quum
233 257 300 308 sis,
324 265 366 300 et
385 272 508 314 prave
529 266 686 299 sectum
706 256 968 299 stomacheris
989 256 1040 299 ob
1062 271 1246 313 unguem

66 316 139 359 De
158 324 199 358 te
219 314 450 372 pendentis,
474 323 514 357 te
535 315 789 371 respicientis
808 314 928 356 amici
946 314 954 357 !

68 374 138 416 Ad
157 388 370 423 summam,
393 372 556 428 sapiens
577 387 660 414 uno
680 372 814 414 minor
833 379 896 414 est
915 371 1032 422 Jove,
1055 371 1182 421 dives,

67 430 208 481 Liber,
230 430 464 481 honoratus,
487 430 670 486 pulcher,
694 444 768 471 rex
790 429 967 485 denique
989 444 1159 486 regum3
1238 430 1317 469 100

69 488 282 546 Praecipue
302 502 438 539 sanus,
460 488 539 529 nisi
560 502 687 544 quum
707 487 857 543 pituita
876 487 1047 529 molesta
1068 494 1141 529 est.

360 687 577 716 EPISTOLA
607 687 776 715 11.—AD
807 686 1027 715 LOLLIUM.

67 764 240 822 Trojani
258 764 357 807 belli
375 764 629 820 scriptorem,
651 764 830 805 maxime
853 763 977 814 Lolli,

65 822 182 865 Dum
204 831 250 865 tu
270 822 471 865 declamas
494 821 652 872 Romae,
678 821 888 863 Praeneste
910 821 1061 877 relegi3

67 879 167 931 Qui,
192 881 292 937 quid
311 880 365 922 sit
384 878 614 936 pulchrum,
647 878 746 935 quid
777 887 910 936 turpe,
943 879 1043 935 quid
1073 877 1186 930 utile,
1219 877 1318 935 quid

178 953 274 989 non,

68 995 236 1038 Planius
255 1011 303 1038 ac
322 994 469 1037 melius
492 994 726 1051 Chrysippo
746 1001 789 1036 et
811 994 1011 1036 Crantore
1033 993 1145 1037 dicit.

68 1053 155 1095 Cur
174 1053 231 1096 ita
251 1052 506 1103 crediderim,
529 1053 608 1094 nisi
629 1052 730 1109 quid
750 1060 790 1094 te
812 1051 983 1102 detinet,
1006 1052 1115 1093 audi.
1291 1054 1315 1091 5

67 1110 236 1161 Fabula,
259 1111 343 1167 qua
364 1110 523 1153 Paridis
543 1119 710 1167 propter
730 1118 914 1151 narratur
933 1124 1115 1151 amorem

67 1167 231 1211 Graecia
253 1168 462 1210 Barbariae
482 1167 594 1210 lento
615 1167 754 1209 collisa
774 1167 924 1217 duello,

69 1225 296 1268 Stultorum
317 1241 463 1282 regum
485 1235 526 1268 et
547 1225 790 1282 populorum
812 1225 995 1267 continet
1015 1232 1148 1267 aestus.

66 1283 255 1326 Antenor
275 1290 414 1325 censet
434 1283 532 1325 belli
552 1283 773 1339 praecidere
794 1298 955 1324 causam
972 1299 981 1323 :

66 1339 180 1390 Quid
205 1339 352 1383 Paris?
383 1349 427 1383 ut
446 1341 581 1383 salvus
601 1349 748 1396 regnet
768 1340 959 1396 vivatque
979 1340 1136 1390 beatus,
1266 1341 1315 1380 10

67 1397 174 1456 Cogi
194 1413 312 1455 posse
333 1406 471 1454 negat.
533 1398 686 1440 Nestor
706 1413 949 1453 componere
970 1397 1062 1439 lites

69 1454 180 1499 Inter
203 1455 376 1498 Peliden
397 1455 563 1498 festinat
584 1463 626 1497 et
644 1455 752 1497 inter
774 1455 976 1496 Atriden:

66 1511 194 1555 Hunc
213 1529 338 1564 amor,
360 1514 421 1555 ira
440 1513 607 1569 quidem
627 1513 898 1554 communiter
920 1513 1000 1554 urit
1020 1521 1255 1568 utrumque.

67 1569 277 1627 Quicquid
298 1572 473 1613 delirant
492 1586 626 1628 reges,
651 1571 886 1627 plectuntur
909 1570 1081 1611 Achivi:

68 1627 292 1679 seditione,
315 1629 430 1679 dolis,
453 1629 620 1679 scelere,
642 1638 766 1684 atque
788 1628 958 1670 libidine
980 1636 1022 1670 et
1042 1627 1115 1678 ira,
1265 1629 1316 1668 15

66 1683 212 1728 Iliacos
232 1686 338 1728 intra
358 1701 495 1728 muros
514 1694 705 1742 peccatur
726 1694 767 1727 et
788 1694 915 1727 extra.

54 1741 239 1795 ARursus,
261 1744 361 1800 quid
381 1744 510 1786 virtus
530 1751 572 1786 et
592 1743 691 1799 quid
711 1743 912 1799 sapientia
932 1742 1071 1799 possit,

67 1799 185 1842 Utile
205 1802 417 1857 proposuit
437 1802 553 1843 nobis
574 1802 783 1857 exemplar
807 1801 1000 1850 Ulixem3

67 1857 154 1908 Qui
175 1858 350 1900 domitor
370 1858 523 1913 Trojae,
545 1859 766 1901 multorum
788 1858 980 1914 providus
1002 1858 1122 1900 nrbes

66 1913 124 1958 Et
143 1931 277 1958 mores
297 1916 507 1958 hominum
527 1916 728 1972 inspexit3
750 1916 960 1972 latumque
982 1931 1054 1972 per
1075 1930 1228 1971 aequor,
1259 1916 1313 1956 ΞΟ

66 1970 181 2014 Dum
202 1973 294 2023 sibi,
316 1973 414 2014 dum
434 1972 552 2015 sociis
571 1973 749 2015 reditum
770 1982 897 2030 parat,
919 1988 1063 2030 aspera
1082 1972 1211 2014 multa

38 2061 54 2068 „
67 2028 258 2081 Pertulit,
279 2030 458 2073 adversis
477 2045 613 2072 rerum
633 2030 917 2073 immersabilis
938 2031 1070 2072 undis.

46 2125 48 2127 ,
68 2086 260 2130 Sirenum
280 2103 402 2130 voces
422 2096 464 2130 et
486 2087 619 2130 Circae
638 2089 785 2144 pocula
804 2089 934 2136 nosti3

67 2142 176 2194 Quae
195 2146 230 2187 si
251 2161 343 2187 cum
365 2145 484 2188 sociis
504 2145 652 2187 stultus
673 2146 927 2202 cupidusque
949 2145 1130 2195 bibisset,

66 2200 250 2246 Vixisset
270 2203 380 2245 canis
400 2202 648 2252 immundus,
670 2204 737 2244 vel
755 2203 885 2245 amica
904 2203 990 2244 luto
1011 2218 1090 2244 sus.
1262 2205 1316 2244 25

32 2291 35 2293 Α
69 2257 156 2302 Nos
178 2276 372 2302 numerus
392 2275 546 2313 sumuS‚
567 2268 608 2302 et
628 2260 768 2317 fruges
789 2276 1026 2303 consumere
1049 2259 1146 2311 nati,

28 2331 46 2333 ''
69 2317 218 2375 Sponsi
242 2318 478 2375 Penelopae,
502 2317 744 2416 nebulones5,
770 2318 1031 2386 Alcinoique,

664 2389 691 2416 D
