1390 2586
409 98 725 128 EpisToLARUM
755 98 844 127 Lm.
867 99 896 127 1.
921 88 957 127 1.
1255 88 1308 126 55

66 201 163 244 Non
182 200 310 258 possis
329 200 446 243 oculo
467 208 665 257 quantum
686 199 932 243 contendere
955 199 1162 256 Lynceus,

66 258 162 301 Non
184 267 319 302 tamen
340 258 490 300 idcirco
510 267 746 301 contemnas
765 258 900 314 lippus
919 257 1092 315 inungi3

66 315 170 366 Nec,
193 315 289 372 quia
308 315 499 372 desperes
520 316 662 358 invicti
683 316 864 357 membra
887 315 1099 371 Glyconis,

65 373 232 416 Nodos&
253 388 400 429 corpus
419 373 524 415 nolis
544 373 759 429 prohibere
780 372 988 428 cheragra.

66 429 144 473 Est
163 430 336 487 quadam
357 430 519 486 prodire
540 439 672 480 tenus,
694 430 729 472 si
749 446 830 472 non
847 430 965 472 datur
985 430 1101 472 ultra.
1255 433 1310 472 ‘25

69 487 221 530 Fervet
239 488 408 530 avaritia
430 488 661 544 miseroque
683 487 874 544 cupidine
896 496 1063 543 pectus:

69 545 177 588 Sunt
196 545 319 587 verba
340 554 382 588 et
401 560 534 596 voces,
557 546 705 601 quibus
726 545 835 587 hunc
854 545 982 587 lenire
1004 545 1185 587 dolorem

69 602 218 653 Possis,
241 613 283 645 et
302 618 492 659 magnam
513 602 643 644 morbi
663 603 869 659 deponere
889 611 1059 659 partem.

67 659 221 702 Laudis
240 676 377 702 amore
398 659 563 702 tumes?
591 668 688 702 sunt
708 669 819 703 certa
838 660 1009 716 piacula,
1033 676 1125 717 quae
1146 670 1186 703 te

69 717 155 760 Ter
175 733 276 773 pure
297 718 403 760 lecto
424 726 616 774 poterunt
636 733 819 760 recreare
840 718 990 760 libello.
1259 721 1314 760 30

67 774 250 826 Invidus,
272 775 502 825 iracundus,
524 775 645 826 iners,
668 775 847 825 vinosus,
869 784 1036 826 amator,

71 832 204 875 Nemo
224 832 326 875 adeo
346 833 456 874 ferus
476 840 550 883 est,
573 841 619 874 ut
639 848 720 874 non
742 833 955 875 mitescere
975 832 1114 889 possit,

39 929 42 932 ,
71 890 118 932 Si
137 890 257 932 modo
277 889 447 932 culturae
466 890 692 946 patientem
712 891 943 933 commodet
963 906 1115 933 aurem.

68 947 211 990 Virtus
231 955 294 990 est
313 948 456 989 vitium
477 948 637 1003 fugere,
659 957 701 990 et
720 948 920 1004 sapientia
942 949 1072 1004 prima

70 1005 255 1048 Stultitia
275 1005 464 1048 caruisse.
525 1005 665 1056 Vides,
689 1021 780 1062 quae
801 1006 978 1048 maxima
998 1005 1127 1048 credis
1259 1009 1314 1048 35

70 1062 173 1105 Esse
193 1062 311 1113 mala,
333 1063 531 1119 exiguum
553 1078 733 1113 censum,
755 1071 1001 1119 turpemque
1022 1063 1239 1120 repulsam,

34 1167 36 1170 y
71 1119 239 1170 Quanto
259 1120 414 1162 devites
433 1120 559 1162 animi
579 1120 805 1177 capitisque
826 1120 985 1162 labore:

70 1177 254 1235 Impiger
273 1187 477 1220 extremos
498 1178 624 1220 curris
644 1186 843 1220 mercator
862 1178 913 1220 ad
936 1178 1072 1229 Indos,

71 1234 153 1277 Per
173 1250 283 1277 mare
303 1236 541 1292 pauperiem
561 1236 739 1292 fugiens,
761 1251 836 1292 per
855 1250 964 1286 saxa,
987 1251 1059 1292 per
1080 1236 1223 1294 ignes:

71 1291 137 1334 Ne
158 1307 274 1335 cures
295 1308 355 1342 ea,
378 1308 471 1348 quae
490 1293 613 1335 stulte
633 1293 790 1335 miraris
810 1301 852 1335 et
871 1302 998 1350 optas,
1261 1297 1315 1335 40

69 1349 244 1392 Discere
265 1357 308 1392 et
326 1350 467 1392 audire
489 1358 531 1392 et
549 1350 709 1392 meliori
730 1350 895 1393 credere
916 1367 997 1393 non
1018 1350 1111 1393 vis?

71 1406 178 1457 Quis
198 1407 349 1450 circum
370 1422 497 1464 pagos
518 1416 560 1450 et
580 1407 732 1450 circum
754 1409 930 1464 compita
950 1423 1119 1464 pugnax

72 1463 232 1522 Magna
251 1466 433 1508 coronari
454 1473 689 1508 contemnat
710 1465 920 1522 Olympia,
944 1467 1010 1508 cui
1029 1481 1135 1521 spes,

72 1522 154 1564 Cui
174 1524 226 1565 sit
246 1523 423 1565 conditio
443 1523 573 1564 dulcis
594 1523 682 1565 sine
703 1523 871 1579 pulvere
893 1522 1069 1579 palmae'?

74 1579 205 1622 Vilius
224 1588 442 1637 argentum
463 1589 525 1622 est
543 1596 656 1631 auro,
679 1580 898 1623 virtutibus
918 1596 1073 1622 aurum.
1260 1584 1314 1622 45

71 1636 114 1679 Ο
133 1638 255 1687 cives,
277 1636 411 1681 cives!
444 1638 663 1694 quaerenda
683 1638 857 1694 pecunia
877 1639 1053 1694 primum
1075 1647 1149 1688 est,

72 1693 214 1738 Virtus
233 1703 326 1752 post
344 1694 556 1738 nummos!
589 1695 676 1738 haec
696 1695 825 1738 Janus
845 1711 1026 1738 summus
1045 1696 1096 1738 ab
1117 1697 1200 1738 imo

73 1751 298 1803 Prodocet3
328 1752 415 1795 haec
434 1752 624 1795 recinunt
638 1754 813 1809 juvenes
834 1753 984 1796 dictata
1004 1769 1220 1810 senesque,

72 1807 199 1852 Laevo
219 1810 405 1866 suspensi
426 1809 579 1852 loculos
599 1810 862 1867 tabulamque
882 1811 1045 1854 lacerto.

73 1866 150 1909 Est
167 1867 328 1909 animus
348 1867 436 1917 tibi,
459 1876 554 1910 sunt
573 1883 719 1918 mores,
743 1877 784 1910 et
804 1869 946 1925 lingua
966 1869 1163 1925 fidesque,
1263 1872 1318 1910 50

74 1924 156 1966 Sed
178 1924 488 1982 quadringentis
508 1940 581 1967 sex
601 1933 759 1981 septem
780 1926 908 1968 millia
928 1926 1100 1969 desunt:

73 1981 200 2025 Plebs
220 1982 312 2025 eris.
374 1982 434 2024 At
453 1983 569 2038 pueri
588 1983 788 2034 ludentes,
815 1984 908 2025 Rex
930 1985 1021 2035 eris,
1044 1985 1171 2034 aiunt,

36 2039 37 2046 ¹
75 2039 121 2082 Si
141 2048 252 2082 recte
273 2040 408 2082 facies.
470 2040 555 2082 Hic
575 2056 714 2083 murus
733 2057 886 2083 aeneus
907 2051 1006 2090 esto,

26 2139 28 2141 ,
74 2097 148 2139 Nil
167 2098 348 2140 conscire
369 2097 459 2148 sibi,
482 2098 594 2140 nulla
614 2099 836 2154 pallescere
857 2099 989 2155 culpa.

34 2175 35 2178 ¹
77 2153 239 2205 Roscia,
262 2155 328 2196 dic
347 2156 478 2206 sodes,
501 2155 643 2197 melior
663 2156 744 2205 leX‚
765 2172 817 2198 an
840 2171 1058 2212 puerorum
1079 2163 1141 2198 est
1265 2159 1318 2197 55

75 2211 224 2263 Nenia,
250 2228 342 2268 quae
363 2228 536 2270 regnum
556 2221 666 2254 recte
687 2213 928 2255 facientibus
950 2214 1081 2264 offert,

25 2293 28 2298 ·
75 2267 133 2311 Et
151 2270 329 2312 maribus
352 2270 489 2312 Curiis
510 2279 551 2312 et
572 2270 786 2313 decantata
809 2271 1025 2313 Camillis?

59 2325 171 2368 lime
191 2327 266 2370 tibi
285 2327 432 2370 melius
452 2327 608 2378 suadet,
630 2327 702 2384 qui
722 2343 808 2370 rem
829 2329 965 2380 facias,
987 2344 1085 2380 rem,

669 2399 696 2426 D
718 2389 745 2427 4
