1390 2586
121 98 175 138 82
456 109 770 138 EPISTOLARUM
800 110 887 139 Lm.
911 112 940 139 1.
960 101 1028 140 20.

126 208 284 257 Quodsi
305 223 384 249 non
406 207 496 249 odio
516 208 718 262 peccantis
739 208 884 264 desipit
903 225 1044 265 augur,

130 265 258 305 Carus
279 264 355 305 eris
379 264 533 312 Romae,
557 265 684 305 donec
705 274 743 306 te
764 265 921 307 deseret
940 275 1047 308 aetas,
1304 271 1353 311 10

129 320 412 361 Contrectatus
434 321 501 360 ubi
523 320 705 361 manibus
725 322 950 363 sordescere
971 322 1083 379 vulgi

130 377 325 432 Coeperis,
347 385 416 417 aut
437 379 563 417 tineas
583 391 720 431 pasces
741 378 960 419 taciturnus
979 379 1140 428 inertes,

128 434 215 473 Aut
234 433 366 487 fugies
389 432 565 480 Uticam,
587 441 657 473 aut
678 433 833 474 vinctus
853 434 1023 475 mitteris
1045 435 1231 477 Ilerdam.

130 488 298 529 Ridebit
318 489 490 529 monitor
510 503 589 528 non
611 489 846 538 exauditus3
879 499 922 532 ut
941 490 1009 532 ille

128 544 212 593 Qui
234 545 336 586 male
358 554 562 599 parentem
584 544 622 584 in
646 560 764 600 rupes
784 547 975 600 protrusit
993 546 1159 588 asellum
1305 551 1353 591 15

127 601 283 642 Iratus:
316 602 405 656 quis
427 601 532 642 enim
554 601 722 642 invitum
743 617 901 644 servare
922 602 1106 644 laboret?

128 657 222 698 Hoc
242 672 404 712 quoque
425 666 463 698 te
486 665 632 706 manet,
657 666 699 699 ut
719 673 863 712 pueros
884 658 1084 701 elementa
1102 659 1314 701 docentem

128 712 315 768 Occupet
335 714 524 754 extremis
545 713 585 753 in
607 713 704 755 vicis
726 715 841 755 balba
860 724 1058 756 senectus.

127 768 268 817 Quum
289 770 362 811 tibi
382 770 438 810 sol
462 769 619 824 tepidus
639 770 773 825 plures
792 771 1013 812 admoverit
1032 786 1161 822 aures,

129 825 203 866 Me
226 826 413 866 libertino
434 836 569 867 natum
592 836 716 881 patre,
740 827 838 867 etin
862 827 975 868 tenui
995 843 1037 868 re
1298 830 1351 871 '20

126 881 307 937 Majores
328 897 479 937 pennas
499 882 594 922 nido
614 883 841 924 extendisse
861 883 1049 938 loqueris,

128 937 190 979 Ut
210 948 403 993 quantum
426 939 566 994 generi
588 939 735 988 demas,
757 939 970 981 virtutibus
989 940 1135 990 addas;

127 994 204 1035 Me
225 995 362 1049 primis
384 995 491 1036 urbis
514 995 607 1036 belli
628 995 822 1050 placuisse
842 996 1054 1050 domique3

127 1051 318 1106 Corporis
338 1051 489 1107 exigui,
512 1066 751 1106 praecanum,
774 1052 923 1093 solibus
943 1062 1094 1106 aptum,

125 1106 248 1147 Irasci
269 1107 455 1155 celerem,
478 1116 610 1149 tamen
634 1117 677 1149 ut
697 1108 899 1163 placabilis
920 1123 1061 1149 essem.
1296 1113 1350 1151 25

126 1162 248 1204 Forte
269 1179 401 1204 meum
423 1163 455 1204 si
477 1165 566 1218 quis
588 1173 626 1204 te
647 1165 947 1219 percontabitur
966 1179 1108 1214 aevum,

125 1218 200 1260 Me
222 1229 362 1274 quater
384 1220 563 1260 undenos
583 1220 681 1261 sciat
701 1220 929 1274 implevisse
951 1221 1213 1271 Decembres,

125 1275 334 1332 Collegam
358 1276 558 1332 Lepidum
580 1291 661 1332 quo
681 1277 797 1318 duxit
817 1277 974 1318 Lollius
993 1292 1110 1319 anno.
