1390 2586
1335 0 1382 19 rm

1350 29 1381 55 ‘i‘

157 108 240 149 210
583 108 943 141 mmmmm-Ano.
1242 106 1378 150 [nrum

157 207 188 243 3,
215 207 264 243 14,
292 209 428 240 Quidni?
459 211 488 238 el
512 211 611 238 scruta
636 209 751 247 quidem
775 212 806 237 ut
829 208 934 237 vendat
959 207 1122 237 Scrutariu’
1147 208 1258 244 laudat,
1282 208 1377 242 Pro..

148 247 282 288 fractam
310 251 464 289 strigilem,
497 251 603 280 soleam
632 250 771 288 improbu’
800 250 1043 279 dimidiatam.·—
1056 247 1221 289 [Occupat]
1253 246 1371 290 φθάνω

158 290 466 332 προσαγορεύων.-·
481 289 606 330 [salvere
621 290 726 331 jubet]
751 291 813 321 Cic.
838 293 876 321 ad
898 292 959 322 Att.
983 291 1011 327 4,
1036 291 1084 326 14,
1107 293 1279 331 Dionysium
1293 291 1369 331 ju&

157 336 289 368 salvere5
320 335 412 363 etiam
441 335 586 363 absolute.
631 334 699 364 Ter.
725 334 820 363 Andr.
847 334 880 372 3,
902 334 931 369 3,
959 333 987 370 l,
1012 334 1104 364 Jubeo
1133 335 1368 364 Chremetem.—

160 374 329 415 [Ewusare
353 374 493 416 laborem]
519 376 631 406 Nobis:
653 377 814 406 ‘excusare
836 386 866 405 se
889 381 1010 414 propter
1030 376 1192 405 laborem?
1215 376 1270 405 sed
1293 370 1370 410 illud

157 419 299 457 frequens
322 419 353 448 in
379 420 595 448 consuetudine
613 419 731 448 Latina.
761 419 825 448 Cic.
842 418 918 448 Phil.
933 419 962 454 9,
978 418 1007 454 4,
1021 427 1158 448 excusare
1179 419 1370 448 morbum-4·

161 459 356 500 [mercenaria
369 460 479 500 vincla]
505 461 733 490 ‘necessitatem
754 461 942 490 auctionibus
960 469 1082 499 operam
1105 461 1207 495 dandi,
1231 469 1285 498 pro
1308 460 1368 498 qun

158 504 250 541 opera
265 509 376 533 certam
390 504 560 533 mercedem
581 503 746 541 accipiebat
765 505 801 532 ab
819 503 866 539 iis,
892 502 944 541 qui
964 502 1235 532 auctionabantur!
1265 503 1325 532 Sat.
1340 501 1368 540 1,

159 545 188 580 6,
205 545 254 580 87.
266 561 307 566 —
320 544 530 585 [Providirset]
555 546 655 584 ‘prius
674 555 744 574 eum
762 546 885 574 vidisset
907 554 942 574 ac
963 545 1140 574 salutasset!
1171 545 1266 574 Plaut.
1283 543 1369 579 Asiae

159 588 189 622 2,
206 587 234 623 4,
251 588 300 624 44,
315 589 382 618 Non
396 589 490 618 hercle
504 593 532 618 ce
542 589 738 626 provideram.
784 588 896 623 Qua-50,
915 597 951 617 ne
962 588 1032 618 vitio
1045 591 1149 617 vor-tas.
1159 603 1202 608 —
1214 585 1262 626 [ut
1281 580 1374 629 libet}

162 630 287 659 Diversa
301 631 400 668 signif.
417 640 435 660 a
448 641 476 660 v.
493 631 540 661 19.
555 631 585 659 h.
600 631 620 660 1.
635 632 643 646 ·
656 635 687 659 ut
697 629 806 668 Jubes!
1356 654 1374 658 ,Δ

202 672 335 707 71-75.
362 671 502 711 [dicenda
517 671 654 711 tacenda]
682 677 691 691 ⁰
702 678 735 701 ut
750 673 825 701 bene
839 676 936 710 potus,
957 681 1143 710 quaecunque
1158 671 1190 700 in
1206 672 1327 700 buccam
1341 669 1374 706 d

160 715 326 744 venerant!
371 715 492 744 Dictum
511 721 567 751 est,
588 720 621 744 ut
635 713 735 753 fanda
749 713 884 753 nefanda,
907 716 1025 744 honesta
1039 715 1198 749 inhonesta,
1221 710 1305 753 ῥητὰ
1318 702 1377 746 καὶ

162 753 297 797 ἇῤῥητα.
339 758 421 795 Virg.
449 758 518 786 AEn.
542 758 571 791 9,
595 757 665 791 594,
689 758 780 795 digna
807 761 894 796 atque
922 757 1044 795 indigna
1070 757 1167 786 relatu
1197 751 1376 794 Vociferanffl

161 798 338 839 --[piscis]
370 802 422 828 ‘ut
450 800 538 838 piscis
554 799 574 834 ;’
603 800 713 828 omissa
741 805 774 828 ut
801 809 880 837 saepe
907 798 1138 836 comparationis
1165 797 1377 836 particula-q

161 839 282 881 [cliens]
313 845 320 857 ⁴
334 843 477 874 Quotidie
499 848 660 880 patronum
680 842 843 870 salutatum
866 841 1015 876 veniebat,
1043 850 1113 870 eum
1139 840 1171 869 in
1199 839 1296 869 forum
1318 839 1373 875 ἄζῃ

161 885 299 917 ducebat.
322 891 353 914 et
376 885 570 923 quotidianus
594 894 687 922 prope
709 884 834 912 conviva
857 880 1228 923 fiebat.’—[mburbana]
1253 883 1283 911 h.
1303 881 1322 911 l.
1339 880 1376 918 f*

159 936 232 964 agro
262 928 382 956 Sabino.
397 942 439 948 —
456 924 784 965 [indictis—Latinis]
815 925 910 954 Feriae
939 924 1055 954 Latinae
1084 935 1145 954 non
1170 930 1255 953 statae
1277 932 1329 953 era

160 970 213 998 sed
238 970 421 1008 conceptivae
446 975 476 998 et
499 969 659 1007 quotannis
684 969 894 998 indicebantur
922 977 940 997 a
967 968 1099 996 consule.
1153 967 1285 996 Macrob.
1312 966 1331 995 S
1378 999 1379 1002 Ἴ

163 1011 191 1046 1,
219 1011 269 1041 16.
294 1013 376 1041 Suet.
402 1012 509 1041 Claud.
536 1012 564 1041 4.
610 1012 679 1041 Jam
703 1020 796 1049 quum
820 1019 874 1048 per
894 1010 1089 1048 quatriduum
1107 1009 1262 1048 justitium
1287 1017 1304 1038 e

160 1054 279 1092 patroni
301 1063 459 1083 causarum
479 1058 509 1082 et
531 1054 702 1092 quicunque
723 1053 860 1082 civilibus
878 1053 1006 1090 negotiis
1028 1052 1198 1090 implicatus
1220 1008 1377 1089 eraeffl

160 1097 232 1126 andi
256 1098 357 1132 causa,
377 1097 535 1125 comitibus
559 1096 674 1134 aliquot
698 1105 799 1124 secum
823 1095 950 1129 eductis,
974 1094 1184 1123 rusticabatur.
1227 1093 1276 1122 Sic
1293 1089 1378 1134 feriff

163 1139 279 1167 Latinis
294 1149 311 1167 a
327 1139 471 1168 Cicerone
486 1138 642 1176 finguntur
657 1138 752 1167 habiti
766 1137 798 1166 in
814 1137 961 1176 Scipionis
975 1136 1100 1165 minoris
1114 1135 1209 1165 hortis
1223 1136 1384 1178 sermonq‹

161 1181 200 1210 de
214 1190 246 1210 re
269 1181 377 1211 ublica.
1360 1191 1376 1213 ῃ

203 1191 335 1258 76Β-84.
361 1222 534 1262 [Ιηιροείίαε
547 1220 675 1260 mannis]
693 1223 702 1238 ⁴
711 1221 784 1251 cisio
795 1221 841 1250 vel
857 1221 969 1256 rhedae,
983 1220 1030 1250 cui
1041 1220 1139 1259 juncti
1154 1223 1241 1249 erant
1254 1217 1376 1249 manni?

162 1263 222 1304 (est
236 1266 349 1294 animal
363 1266 527 1304 hybridum
543 1274 579 1294 ex
595 1274 672 1302 equo
687 1269 717 1293 et
731 1264 817 1293 asinii
832 1262 1015 1302 natum).—
1026 1260 1186 1302 [requiem]
1213 1262 1222 1278 ‘
1234 1262 1308 1291 dum
1321 1258 1378 1299 sifi

161 1309 299 1347 undique,
315 1317 436 1346 quoquo
452 1308 551 1342 modo,
566 1307 797 1336 oblectationem
817 1315 852 1335 ac
875 1305 1091 1335 recreationem
1106 1314 1124 1333 a
1139 1304 1308 1334 forensibus
1322 1311 1376 1335 nei·

162 1350 252 1388 gotiis
267 1350 372 1389 parat!
384 1366 426 1371 -——
441 1347 536 1388 [Dum
550 1347 673 1388 septem]
698 1350 706 1365 ‘
718 1358 754 1378 eo
769 1348 850 1386 quod
864 1348 964 1377 Menae
979 1348 1072 1377 donat
1085 1347 1242 1376 dimidiam
1261 1350 1378 1384 purten

162 1392 264 1431 pretii,
289 1402 348 1430 quo
372 1392 488 1430 agellus
511 1397 671 1428 emeretur,
695 1392 821 1420 alteram
841 1395 979 1419 mutuam
1001 1390 1063 1426 dat,
1087 1389 1115 1418 ei
1137 1388 1307 1427 persuadet'
1323 1387 1377 1427 &q-

162 1432 331 1473 —[erepal
347 1433 442 1474 mera]
467 1436 474 1450 ‘
486 1444 604 1472 semper
618 1434 650 1462 in
666 1443 717 1462 ore
735 1432 847 1462 habet!
891 1432 940 1462 Sic
957 1432 1049 1461 etiam
1066 1432 1152 1471 loqui.
1182 1431 1244 1460 Cic.
1259 1430 1299 1460 ad
1313 1429 1377 1466 Αῆῇ.

163 1477 194 1512 9,
211 1477 259 1511 13,
279 1477 432 1507 Dolabella
446 1478 507 1506 suis
522 1477 631 1506 litteris
653 1485 780 1505 merum
802 1475 906 1504 bellum
921 1475 1057 1514 loquitur.
1069 1490 1111 1496 -
1121 1471 1244 1512 [ulmos]
1268 1473 1276 1488 ¹
1287 1468 1378 1503 mafl-

164 1520 272 1548 tandas
298 1515 694 1558 vitibus.'—[Immoritur]
725 1519 878 1546 ‘macerat
906 1522 936 1546 et
964 1521 1070 1545 enecat
1095 1526 1126 1545 se
1153 1524 1243 1554 opere
1268 1514 1378 1544 rustico

163 1566 287 1591 strenue
301 1562 489 1591 exercendo!
519 1562 632 1590 Studiis
646 1560 737 1590 dativ.
748 1565 782 1588 ut
796 1558 940 1591 Quinctil.
955 1559 984 1594 9,
997 1559 1027 1594 3,
1041 1557 1091 1594 73,
1106 1559 1216 1588 immori
1230 1557 1377 1596 legationi.

164 1619 207 1625 —-
218 1601 372 1643 [senescit]
398 1605 406 1619 ‘
419 1601 558 1640 τήκεται,
573 1603 730 1632 macrescit
743 1607 774 1630 et
788 1601 937 1631 canescit!

206 1646 338 1676 86—91.
364 1644 516 1685 [mentita]
541 1645 600 1675 Cfr.
628 1645 667 1674 ad
689 1645 745 1673 Od.
770 1644 800 1679 3,
828 1643 854 1679 l,
877 1640 1136 1682 ati—[enectus]
1168 1640 1378 1673 ‘attenuatusss

166 1688 259 1718 Schol.
292 1689 357 1718 Liv.
378 1688 428 1723 21,
450 1689 498 1723 40,
514 1686 607 1726 same,
621 1686 747 1726 frigore,
762 1687 871 1723 illuvie,
889 1686 1022 1724 squalore
1044 1686 1199 1714 enecti.—
1212 1681 1325 1722 [media
1344 1683 1380 1713 de

164 1728 262 1769 nocte]
287 1730 347 1759 Cfr.
366 1731 442 1769 Epp.
461 1730 488 1765 l,
505 1731 533 1765 2,
549 1730 649 1759 32—
661 1726 826 1768 [scabrum]
851 1728 1038 1766 ‘squalidum
1053 1732 1143 1765 atque
1158 1725 1378 1765 impurum.'-.—

167 1770 342 1811 [intonsum]
369 1773 409 1801 Et
423 1778 545 1811 propter
559 1772 717 1801 avaritiam
741 1775 771 1800 et
791 1775 914 1809 propter
932 1770 1056 1799 taedium
1075 1768 1287 1798 infelicissimae
1300 1766 1378 1806 agri·-

166 1815 292 1844 culturae
306 1824 427 1845 omnem
439 1815 507 1843 vitae
523 1815 637 1843 cultum
654 1814 838 1851 neglexerat,
853 1814 941 1850 longe
956 1821 1037 1841 nunc
1052 1811 1186 1841 diversus
1200 1811 1238 1840 ab
1252 1810 1314 1846 illo,
1329 1809 1378 1848 qui

166 1857 265 1886 fuerat
285 1858 406 1886 tonsoris
429 1858 460 1885 in
482 1858 645 1886 umbra.—
657 1854 791 1895 [Durus]
817 1856 893 1893 Epp.
912 1854 939 1890 1,
957 1854 1004 1890 16,
1018 1853 1068 1889 70,
1083 1855 1145 1883 sine
1165 1857 1269 1891 pascat
1291 1853 1378 1881 dum

167 1904 296 1939 aretque.
342 1899 457 1937 ‘Prope
479 1899 569 1928 nimis
591 1899 756 1927 laboriosus
778 1903 808 1927 et
831 1901 960 1927 attentus
983 1898 1022 1926 ad
1043 1906 1104 1926 rem
1127 1895 1213 1933 (Ter.
1229 1894 1290 1924 Ad.
1307 1895 1337 1930 5,
1351 1893 1378 1929 8,

168 1941 233 1980 31),
249 1939 424 1982 γλίσχρος.1
449 1942 508 1970 Sat.
525 1942 554 1977 2,
570 1942 599 1975 6,
617 1941 666 1976 82,
682 1942 777 1978 Asper
787 1944 815 1970 et
829 1943 957 1969 attentus
971 1935 1258 1978 qemeina—[Pol]
1274 1936 1377 1975 edepol,

167 1989 280 2014 ecastor
291 1995 300 2013 :
323 1984 376 2013 cfr.
392 1985 428 2013 de
443 1984 490 2012 his
501 1984 682 2022 juramentis
698 1983 863 2012 Varronem
879 1982 959 2020 apud
975 1981 1053 2010 Gell.
1070 1980 1117 2015 ll,
1132 1981 1163 2009 6.

209 2026 345 2061 93-97.
370 2025 474 2065 [Quod
497 2023 540 2064 te]
573 2026 645 2054 Haec
669 2034 789 2063 quoque
814 2030 859 2053 est
882 2024 913 2052 in
937 2031 1074 2053 sermone
1099 2021 1275 2060 quotidiano
1297 2020 1376 2050 solit}

168 2069 376 2098 obtestationis
395 2068 533 2097 formula.
579 2068 647 2096 Ter.
672 2068 767 2096 Andr.
784 2067 811 2101 1,
826 2067 855 2102 5,
874 2066 924 2101 54,
951 2066 1034 2098 Quod
1056 2069 1084 2094 te
1106 2075 1158 2104 ego
1175 2073 1229 2102 per
1252 2063 1378 2092 dextram

168 2112 244 2140 hanc
258 2121 314 2140 oro.
357 2111 436 2148 virg.
453 2111 524 2139 AEn.
540 2111 569 2143 2,
587 2109 655 2144 141,
673 2110 756 2141 Quod
771 2113 798 2139 le
810 2119 863 2147 per
876 2117 1111 2146 superos—oro.
1156 2106 1211 2135 Est
1223 2104 1374 2134 relativuu

168 2153 335 2191 infinitum,
349 2155 357 2168 ¹
369 2150 457 2187 διότι,
472 2158 594 2191 propter
610 2152 762 2190 quod.'-
773 2149 850 2190 [Qui
863 2148 965 2189 semel]
988 2150 1056 2179 Jam
1078 2158 1116 2179 ex
1137 2149 1194 2178 hac
1214 2147 1376 2176 narratiun-

169 2196 239 2224 cula
253 2202 342 2233 poeta
353 2195 466 2232 colligit
480 2195 652 2232 generalem
662 2195 844 2223 sententiam
857 2203 864 2222 ι
881 2194 889 2208 ¹
903 2193 942 2221 Ut
956 2193 1087 2231 primurn
1098 2190 1207 2228 aliquis
1220 2188 1375 2228 perspexit

171 2238 225 2266 διο.
270 2237 414 2266 Horatius
437 2238 528 2266 totius
553 2237 595 2266 rei
619 2237 734 2265 exitum
759 2235 866 2265 callide
890 2235 1001 2264 tacuit:
1030 2233 1108 2263 nihil
1132 2232 1212 2262 enim
1238 2231 1371 2260 attineba

170 2280 334 2318 adJungere
360 2289 378 2309 a
402 2279 541 2318 Philippo
570 2278 777 2309 misericordia
804 2282 883 2307 tacto
907 2277 1031 2320 Menam
1056 2274 1190 2315 pristiuae
1215 2274 1284 2303 vitae
1305 2273 1374 2303 illie·
