1390 2586
27 0 114 291 ἕ
126 70 157 112 1.⁵
168 76 237 120 12]
477 77 854 109 INTERPRETATIO.
1209 78 1288 120 231

51 149 69 165 -3

40 174 50 218 J
91 216 94 217 ⁷
155 179 312 211 crantore
332 178 436 218 aliquo
450 188 639 218 purpureum
655 178 783 218 pallium
799 178 880 208 dono
895 178 1035 217 accipiat,
1059 179 1114 209 sed
1129 178 1292 219 simplicis-

51 218 54 230 ³
92 241 94 244 -
145 227 230 254 vente
253 222 388 258 indutus,
413 222 479 252 slne
505 222 581 252 falso
599 223 728 272 pudore,
754 222 930 260 aequissimo
953 222 1057 252 animo
1080 232 1135 261 per
1155 224 1294 253 medium

123 266 290 301 incedet,
305 275 393 304 aeque
409 270 480 304 apte
496 272 528 296 et
543 265 687 304 pauperis
703 271 733 295 et
748 265 851 295 divitis
867 271 968 304 partes
985 266 1099 303 agens.¹

64 324 74 344 1
115 315 119 336 ¹
168 309 220 340 32.
245 306 364 349 [Mileti
379 307 509 349 textam]
535 309 683 348 Purpurae
701 308 831 338 Milesiae
847 315 971 348 propter
990 309 1067 338 lanae
1083 310 1293 348 praestantiam

59 385 74 391 η
98 366 110 379 a
147 353 381 392 pretiosissimas
403 357 500 382 erant.
546 352 632 390 Virg.
649 353 705 382 Ge.
728 352 758 387 3,
781 352 852 382 306.
867 349 1009 391 —[cane
1029 351 1117 392 pejus
1132 357 1160 383 et
1181 351 1291 394 angui]

10 426 15 427 ⁷
67 427 76 431 ,,
121 395 242 427 orbium
271 396 309 426 de
338 397 442 434 rebus,
469 405 487 425 a
515 395 627 434 quibus
656 395 791 425 maxime
820 396 1031 431 abhorremus,
1054 406 1192 435 quasque
1219 397 1293 426 mali

181 448 247 469 esse
273 437 633 491 ducimus.--[Vitabit
661 437 863 479 chlamydem]
899 439 1021 468 Arrian.
1054 439 1154 478 Epict.
1186 439 1212 475 l,
1241 440 1293 475 24.

104 482 306 520 1-'222‚Schw.:
332 479 491 523 Διογένης
515 481 552 512 τὸ
577 481 707 524 γυμνὸν
733 481 816 512 εἶναι
842 479 941 522 λέγει,
969 479 1019 512 ὅτι
1045 481 1198 522 κρεῖσσόν
1224 482 1294 514 ἐστι

70 523 71 527 ’
181 524 434 567 περιπορφύρου.
468 526 578 556 Comm.
577 494 666 556 γοηε
692 525 828 555 “Aiunt
850 526 1055 564 Aristippum,
1072 526 1200 556 invitato
1215 527 1291 556 Dio—

42 599 45 601 .
114 569 176 599 ad
191 569 324 606 balneas,
341 569 462 599 dedisse
474 578 610 607 operam,
622 574 656 598 ut
666 579 773 598 omnes
790 568 873 607 prius
889 570 1119 607 egrederentur,
1136 570 1293 609 ipsiusque

54 618 59 620 “
94 611 117 638 Γ
141 611 304 642 minduiss
292 622 323 642 e
346 611 437 652 eique
460 613 620 652 reliquisse
642 622 849 651 purpureum,
881 613 963 651 quod
990 613 1143 650 Diogenes
1164 613 1293 644 induere

119 670 123 680 ·
157 655 262 691 nollet,
278 666 367 686 suum
390 655 522 694 repetiit.
570 656 650 685 Tum
673 655 848 695 Aristippus
866 655 1019 706 increpuit
1035 657 1188 695 Cynicum
1205 657 1293 687 famae

115 697 238 735 entem,
267 698 320 758 qui
348 700 450 737 algere
477 699 581 728 mallet
604 709 697 738 quam
725 699 859 749 conspici
885 699 916 729 in
944 706 1028 729 veste
1052 701 1238 740 purpurea?
1249 716 1294 724 —

62 741 74 769 ,“’
120 765 122 768 f
155 740 287 782 vivat]‘
302 743 386 775 Quin
416 742 510 781 igitur
539 742 654 772 desinis
678 742 776 782 jocari
804 753 873 772 cum
902 743 955 772 tali
982 743 1107 773 homine
1134 750 1165 774 et
1189 745 1293 774 reddis

36 808 75 826 ¹...
50 782 267 823 ‘rdtwkotdffi
289 786 377 816 facile
401 786 430 815 ei
451 786 631 823 concedens,
655 792 690 816 ut
713 796 834 825 semper
856 791 887 816 et
908 787 1022 826 ubique
1046 786 1206 826 indulgeat
1229 788 1293 818 suis

109 828 216 859 »tiis'l’

48 863 83 901 Ὗε
83 871 229 904 3—36-
249 869 378 912 [Res]‘
394 872 456 902 Res
473 881 601 911 magnas
618 882 725 911 gerere
747 872 779 902 in
801 872 888 902 bellis
909 878 939 902 et
959 873 1150 913 triumphare
1166 875 1204 904 de
1221 874 1293 904 hos-

0 927 2 936 =
70 922 128 946 us
153 915 280 946 devictis
306 925 398 954 quam
427 916 566 955 proxime
595 916 715 946 accedit
740 916 780 946 ad
806 916 1000 946 divinitatem
1031 923 1062 946 et
1086 917 1293 948 immortalem

66 966 89 979 ⁴1
114 957 176 989 'am
201 965 354 994 meretur;
389 969 495 989 verum
529 959 622 990 etiam
648 960 857 999 principibus,’
891 960 946 990 &m
998 961 1157 999 Significat
1183 968 1294 1000 praeter

58 1004 164 1052 κεῖρε
191 1002 368 1041 Augustum
394 1008 425 1032 et
445 1002 626 1042 Agrippam,
649 1005 657 1019 ‘
673 1003 844 1042 cujusmodi
871 1003 943 1033 viris
966 1003 1048 1033 inter
1074 1005 1207 1043 aequales
1230 1004 1295 1044 pri-

69 1050 73 1051 ’
126 1045 152 1076 's
177 1045 231 1075 ubi
261 1045 421 1084 placueris,
450 1046 631 1076 meritorum
659 1052 782 1076 tuorum
813 1053 905 1085 atque
936 1047 1053 1084 ingenii
1084 1048 1204 1087 insigne
1236 1049 1295 1079 erit

34 1123 52 1128 ,-
67 1087 116 1096 ⁹
119 1087 268 1119 monium.
269 1087 492 1128 ’-—[coelestia
506 1088 619 1130 tentat]
645 1089 820 1119 ‘laboribus
836 1090 898 1119 suis
914 1089 1175 1121 immortalitatem
1192 1093 1281 1130 petit.
1285 1091 1294 1105 ’

66 1142 73 1163 ζ
119 1133 189 1163 Non
203 1130 312 1173 cuivis]
338 1133 537 1163 Proverbium
550 1134 692 1163 Graecum
710 1131 773 1171 (Οὐ
790 1133 920 1168 παντὸς
936 1130 1114 1175 ἁνδρὸςείς
1127 1133 1295 1174 Κόρινθον

84 1192 97 1199 =
140 1172 158 1206 ὁ
179 1174 313 1214 πλοῦς)
344 1176 382 1206 de
409 1177 497 1215 quus
525 1176 644 1215 origine
671 1176 868 1215 ambigebant
885 1178 950 1215 jam
974 1178 1103 1216 antiqui.
1146 1178 1295 1208 Primaria

89 1228 151 1249 en
166 1220 232 1258 ejus
246 1218 399 1249 sententia
414 1220 534 1249 videtur
554 1230 601 1256 ea,
625 1230 716 1259 quarn
732 1227 905 1249 memorant
927 1221 1188 1260 Paroemiographi
1205 1222 1295 1252 Gais-

101 1261 138 1292 «ii
153 1271 278 1292 omnes:
307 1260 328 1300 ἡ
353 1259 516 1302 Κόρινθος
538 1260 708 1300 πολλὰς
693 1273 791 1302 εσχεν
814 1260 956 1304 ἑταίοας,
980 1262 1016 1294 αἳ
1040 1263 1118 1300 τοὺς
1141 1263 1294 1306 ἀφικνου-

37 1318 40 1323 ·
89 1315 167 1342 νους
182 1306 250 1336 τῶν
270 1303 375 1340 ξένων
392 1303 640 1347 ἐδασμολόγουν
661 1305 703 1336 τὰ
718 1303 828 1347 ἐφόδια
845 1305 1094 1347 λαμβάνουσαι.
1139 1309 1294 1338 ‘Difficil-

92 1358 156 1379 um
192 1355 239 1379 est
272 1349 430 1388 inceptum
457 1350 624 1380 amicitiam
655 1350 862 1389 potentiorum
892 1360 1050 1388 quaerere3
1082 1357 1129 1381 est
1157 1352 1292 1382 hominis

90 1391 177 1422 imosi
206 1391 351 1431 nulloque
376 1393 533 1422 obstaculo
558 1393 776 1432 perterrefacti,
813 1394 867 1422 sed
895 1395 1157 1432 quemadmodum
1187 1402 1233 1425 est
1261 1396 1294 1425 in

93 1434 218 1472 ·verbio,
235 1435 304 1466 Non
318 1437 428 1466 cuivis.-
449 1437 502 1475 qui
516 1436 700 1466 Corinthum
718 1436 776 1466 iter
788 1437 929 1473 habebat,
942 1447 1031 1475 aequo
1047 1438 1151 1467 animo
1167 1449 1294 1478 exspec-

105 1492 107 1494 ·
140 1479 260 1515 debeat,
289 1489 321 1509 se
351 1489 472 1531 quoque
499 1480 556 1509 mis
559 1490 610 1510 ere
637 1480 842 1519 exspoliatum
872 1480 909 1509 iri
939 1482 977 1510 ab
1001 1478 1199 1521 ιεροδοὺλοις
1222 1481 1294 1520 illis,

119 1519 248 1558 νξέναις
273 1522 424 1554 νεανίαιν
453 1523 589 1560 Pindari,
623 1529 677 1554 aut
705 1523 832 1553 omnino
862 1524 1041 1554 renuntiare
1070 1525 1192 1564 incepto
1221 1525 1295 1555 illuc

91 1564 120 1595 vi
143 1566 236 1596 andi!

36 1631 38 1635 y
44 1575 225 1644 *¹373—42:
251 1606 370 1650 [Sedit]
395 1614 429 1640 ut
450 1608 627 1648 καθῆσθαι,
653 1611 661 1625 ‘
678 1614 784 1644 cessat,
811 1609 893 1649 turpi
917 1610 979 1640 otio
1004 1612 1124 1650 torpet?
1136 1628 1180 1633 -—
1196 1609 1291 1652 [esto]

40 1674 67 1686 ..
90 1667 102 1676 s.
129 1653 223 1692 ought
243 1652 416 1692 Icare!)‘
430 1653 515 1686 Quid
537 1663 680 1683 curamus
702 1653 859 1682 hominem
881 1653 1049 1692 ignavum?
1096 1656 1212 1684 Contra
1231 1655 1293 1692 ille,

127 1695 273 1726 molestiis
294 1696 499 1736 periculisque
520 1697 672 1746 superatis
698 1697 736 1726 ad
757 1697 851 1726 finem
877 1707 968 1726 suum
994 1699 1118 1728 tandem
1141 1699 1293 1748 pervenit,

81 1746 151 1769 mne
179 1738 206 1768 is
233 1739 297 1777 egit
321 1740 482 1770 animose?
528 1740 625 1779 Atqui
652 1739 684 1769 in
711 1741 768 1770 hoc
792 1740 868 1779 ipso,
891 1740 923 1770 in
950 1747 1074 1771 strenue
1100 1741 1295 1781 impigreque

77 1781 168 1814 --ιᾱο
195 1784 288 1812 cardo
317 1783 447 1813 vertitur
472 1783 527 1820 rei,
552 1784 590 1813 de
620 1784 682 1822 qua
711 1783 894 1822 quaerimus;
930 1791 984 1814 aut
1012 1784 1131 1814 fortiter
1157 1785 1294 1824 sciteque

82 1829 205 1866 ptum
225 1832 364 1856 nostrum
386 1836 568 1866 peragamus
595 1836 694 1865 neque
715 1837 852 1866 unquam
874 1827 1012 1857 animum
1039 1829 1295 1878 despondeamus,

134 1868 160 1898 si
174 1876 299 1908 propter
320 1869 462 1900 inertiam
484 1870 713 1904 cessaverimus,
737 1869 823 1909 digni
846 1880 920 1900 sane
936 1872 1062 1905 erimus,
1081 1872 1135 1910 qui
1156 1877 1294 1902 contem-

98 1921 167 1942 ur.
170 1909 320 1953 ’--[Hic
341 1911 403 1953 est]
439 1913 517 1943 ‘hoc
542 1913 627 1943 loco!
639 1911 783 1953 -[onus
808 1912 924 1954 horret]
958 1917 1170 1954 ‘magnopere
1197 1915 1295 1945 refor-

112 1954 180 1991 t,
211 1957 319 1986 eadem
345 1962 456 1987 constr.
484 1967 546 1996 qua
572 1956 633 1987 Cic.
662 1957 699 1986 ad
729 1957 791 1987 Att.
816 1957 846 1992 9,
870 1958 902 1993 2,
925 1959 1039 1997 ingrati
1065 1960 1158 1988 animi
1183 1961 1296 1990 crimen

70 1999 75 2033 ζ
126 2019 132 2022 -
171 2013 217 2021 -
234 1996 362 2039 [virtus]
403 2001 411 2016 ⁵
427 2000 491 2030 Aut
517 1999 677 2030 fatendum
706 2005 761 2036 est,
787 2000 864 2029 falsa
890 2001 1046 2040 opinione,
1076 2012 1138 2031 non
1163 2012 1205 2038 re,
1236 2002 1294 2032 niti

130 2046 202 2078 tem,
224 2048 288 2079 aut,
312 2043 338 2072 si
363 2044 428 2083 ejus
451 2043 584 2082 pretium
608 2044 688 2073 ultro
710 2043 914 2081 agnoscimus,
938 2051 1061 2084 propter
1079 2055 1148 2075 eam
1171 2045 1292 2076 difficil-

92 2100 112 2109 ι.
147 2094 277 2124 quaeque
300 2091 331 2116 et
356 2087 561 2124 perpetranda
590 2091 622 2116 et
646 2087 805 2116 toleranda
829 2094 910 2118 sunt.
915 2086 1146 2128 '—-—[r‘ecte]
1158 2090 1229 2128 jure.
1258 2099 1294 2120 ac

75 2132 100 2152 U
116 2126 178 2158 10.’
187 2144 231 2150 --
246 2126 418 2169 [experiens
442 2128 539 2169 vir]‘
555 2129 608 2168 qui
636 2129 740 2159 omnia
765 2129 933 2169 experitur,
959 2141 1020 2170 quo
1044 2132 1083 2160 ad
1104 2132 1295 2171 propositum

77 2166 81 2173 ’
127 2172 329 2210 ·perveniat,’
347 2171 498 2211 (resolute,
510 2170 739 2214 enterprrsmg)
769 2174 832 2203 Cic.
846 2183 901 2213 pro
915 2174 1038 2204 Cluent.
1054 2175 1112 2205 23:
1127 2177 1166 2205 A.
1179 2177 1295 2207 Aurius

69 2211 195 2253 fortis
209 2219 239 2245 et
252 2217 416 2254 experiens.

69 2255 226 2294 ἈΒ-45.
254 2255 358 2298 [rege]
381 2257 392 2274 ‘
407 2258 506 2289 amico
529 2269 585 2289 suo
604 2259 798 2299 potentiore,’
820 2265 855 2290 ut
871 2261 948 2299 Epp
971 2261 998 2296 1,
1016 2260 1048 2300 7,
1062 2261 1112 2299 37.
1123 2278 1165 2284 —-
1181 2261 1295 2302 [Atqui

138 2316 140 2319 v
198 2302 253 2331 Est
277 2299 431 2342 ἀναφορὰ
455 2303 502 2332 vel
527 2301 648 2343 κλίμαξ
673 2312 702 2332 v.
718 2302 769 2340 38,
796 2305 891 2343 Aequi
914 2305 962 2333 hic
985 2310 1039 2340 est,
1063 2306 1114 2344 ἅς.
1123 2304 1295 2346 --[rerum

181 2345 299 2384 ‘Atqui
323 2345 418 2376 totius
442 2346 566 2386 incepti,
590 2347 673 2386 quod
696 2346 751 2376 tibi
778 2351 938 2387 tantopere
963 2349 1046 2378 cordi
1069 2355 1124 2387 est,
1151 2350 1236 2389 origo
1259 2359 1294 2380 ac

52 1556 63 1571 i
