1390 2586
78 105 149 138 pn.
163 105 191 129 1.
205 94 253 138 5.]
519 93 896 127 INTERPRETATIO.
1255 91 1335 135 127

79 208 153 233 cum
172 199 232 231 hac
251 193 470 236 inscriptione;
494 204 523 226 c.
551 204 723 226 sommus
746 203 872 226 caru-o
897 202 1022 225 mora.
1039 204 1073 223 =
1094 202 1131 224 M.
1155 202 1235 224 Λκτ.
1260 201 1333 225 mr.

81 250 151 275 σοι
173 249 283 273 mue.
307 247 399 270 iwan.
423 248 466 270 ΒΤ
489 248 591 271 rear.
616 248 669 270 111.
693 247 762 269 vm.
787 247 819 269 R.
844 247 875 268 ε’.
898 246 926 268 c.
973 238 1047 269 Fuit
1061 238 1189 268 Antonii
1206 238 1238 267 in
1256 238 1333 268 Asia

219 290 252 316 et
271 283 378 315 consul
399 283 546 314 suffectus
571 293 602 314 A.
629 292 660 314 υ.
683 292 711 313 c.
736 279 936 322 72l.—[ad
958 279 1103 322 unguem]
1129 282 1274 321 ‘elegans
1297 291 1334 311 ac

80 327 215 371 politus-⁹
252 328 279 363 ,“
288 325 462 358 Translatio
489 337 508 357 a
530 326 748 362 marmorariis,
779 325 831 365 qui
855 326 1018 365 juncturas
1045 335 1234 355 marmorum
1263 330 1332 354 tum

79 373 205 404 demum
219 370 367 412 perfectas
382 371 510 405 ducunt,
532 370 556 400 si
573 370 686 409 unguis
706 369 911 408 superductus
927 378 988 398 non
1005 369 1189 398 offendatur.
1238 368 1332 398 Unde

75 416 153 456 jam,
167 423 357 455 quacunque
372 413 593 453 perfectissima
609 423 674 443 esse
687 414 830 443 volumus
844 412 1029 451 significare,
1045 413 1085 442 ad
1102 421 1236 450 unguem
1252 411 1332 441 facta

80 456 240 491 dicimus·
253 458 365 497 Porpk.
391 457 452 488 Cfr.
466 458 507 487 A.
522 458 552 487 P.
566 457 681 488 294-
692 455 765 497 [non
780 461 815 486 ut
826 457 921 497 magis
932 453 1030 496 alter]
1048 458 1055 472 ‘
1069 455 1333 494 quemadmodum

80 510 143 535 non
157 502 234 532 alter
247 501 346 540 magis
361 500 477 530 amicus
493 501 560 530 est!

119 544 257 577 ³4—36.
279 542 436 585 [Fundos]
462 544 554 574 hodie
570 544 678 580 Fondi,
696 542 777 573 Latii
797 542 959 582 oppidum,
979 542 1113 572 distabat
1128 552 1147 572 a
1163 541 1333 572 Tarracina

77 595 142 621 111.
155 588 219 619 mil.
235 597 314 628 pass.
324 604 367 610 —-—
378 585 518 627 [Aufidio
533 587 628 618 Lusco
639 584 785 626 proetore]
812 586 954 616 Aufidius
971 586 1063 616 homo
1076 586 1206 616 ridicule
1221 595 1329 620 vanus.

77 631 164 672 prius
177 630 288 668 scriba,
315 637 388 661 tunc
404 631 575 670 praefectus,
598 640 710 660 nomen
732 630 872 669 praetoris
892 630 950 660 sibi
970 634 1177 669 arrogaverat,
1202 635 1236 659 ut
1251 639 1331 668 prae·

76 675 160 707 tores
181 685 214 705 re
237 675 310 704 vera
335 675 368 704 in
394 674 551 704 nonnullis
574 673 750 712 municipiis
772 673 886 703 summi
909 673 1107 712 magistratus
1133 675 1332 708 vocabantur,

76 718 163 749 velut
178 718 300 754 Aletrii,
313 719 458 756 capenae,
473 717 618 748 Puteolis.
651 717 761 756 Itaque
777 717 829 746 ille
844 722 1012 756 antequam
1029 717 1233 747 Maecenatem
1248 717 1332 755 ejus-

76 770 139 800 que
163 762 293 792 comites
313 760 502 800 conveniret,
535 761 669 791 edictum
694 760 886 800 praemiserat
915 770 986 790 cum
1008 760 1239 800 praescriptione
1267 767 1331 789 Au-

76 811 175 836 rlmo
191 812 299 836 Lusco
314 812 492 842 PRAETORS,
507 813 569 843 quo
586 804 753 834 honorifice
767 812 820 834 eos
835 803 1018 843 excipiebat,
1036 805 1084 834 vel
1101 813 1155 842 per
1167 812 1333 833 accensum

77 848 188 878 eadem
215 848 348 878 formula
370 858 421 878 eos
448 857 481 878 se
505 853 730 878 conventurum
758 857 825 877 esse
852 846 1231 887 nuntiarat.—[cibenter
1254 847 1331 876 Lin-

76 889 211 932 quimus]
234 891 378 931 ‘propter
401 889 584 927 molestiam,
609 901 701 930 quam
718 891 806 920 nobis
830 890 938 920 insulsi
963 891 1097 920 hominis
1121 900 1216 929 prava
1237 890 1331 920 sedu-

77 934 150 966 lim
163 941 305 970 creasset.
316 934 342 964 si
361 934 478 965 diutius
493 934 535 964 ibi
551 935 664 964 morari
681 943 804 964 necesse
819 933 1001 964 fuisset.’—-
1012 931 1172 974 [praemia]
1196 933 1333 972 insignia

77 977 214 1015 honoris,
236 988 305 1018 quae
321 977 407 1017 quasi
431 978 557 1017 praemia
578 978 779 1017 pristinorum
800 987 927 1007 suorum
948 978 1131 1007 meritorum
1147 978 1331 1007 ostentabat.

77 1019 243 1062 -[1aeum
267 1019 397 1062 clauum]
420 1021 609 1051 senatorium
635 1021 787 1057 habitum,
818 1031 880 1060 quo
905 1021 1024 1051 Fundis
1051 1021 1096 1051 uti
1123 1026 1253 1060 poterat,
1278 1019 1332 1050 ubi

77 1073 171 1100 nemo
185 1074 257 1095 eum
276 1065 309 1095 in
329 1064 471 1095 ordinem
491 1067 630 1104 cogebat,
655 1074 717 1095 non
739 1065 815 1095 item
832 1065 958 1100 Romae;
982 1065 1081 1103 magis
1108 1064 1275 1094 ridiculum
1299 1063 1333 1094 id

76 1107 171 1138 etiam
184 1117 288 1138 coram
305 1108 485 1147 Maecenate,
504 1108 556 1147 qui
578 1115 709 1147 angusto
723 1108 809 1138 clavo
830 1113 993 1138 contentus
1009 1113 1084 1138 erat.
1096 1124 1140 1129 —-
1154 1105 1329 1147 [batillum]

78 1151 99 1168 ‘⁸
110 1150 241 1182 Videtur
255 1151 306 1182 hic
319 1152 442 1182 batilla:
456 1161 480 1182 s.
497 1153 635 1182 batillum
650 1152 768 1182 foculus
784 1151 978 1181 sacrificandi
990 1153 1083 1181 causa
1098 1152 1243 1190 praelatus
1259 1151 1333 1181 huic

75 1194 280 1234 magistratui,
294 1204 365 1225 cum
378 1195 455 1224 nihil
472 1195 515 1225 rei
532 1195 655 1234 majoris
669 1205 761 1233 agere
777 1195 911 1225 solerent
926 1195 994 1225 sine
1010 1195 1191 1225 sacrificio.’'
1218 1195 1308 1225 Gesn.

119 1237 256 1273 37—44.
281 1236 524 1278 [Mamurrarum
544 1235 634 1278 urbe]
663 1238 786 1268 Festiva
801 1235 950 1280 εἰρωνείᾳ
968 1239 1106 1268 Formias
1122 1236 1232 1278 (hodie
1252 1238 1331 1268 Molo

76 1281 112 1311 an·
128 1280 240 1320 Gesta)
255 1289 318 1312 xn-
333 1281 398 1312 mil.
413 1291 492 1321 pass.
509 1291 527 1311 a
543 1281 662 1311 Fundis
679 1282 828 1312 distantes
844 1283 986 1320 designat
1000 1292 1019 1312 a
1036 1282 1206 1318 Mamurra,
1224 1281 1330 1320 equite

78 1323 232 1361 Romano,
256 1324 400 1364 prefecto
422 1324 542 1355 fabrum
559 1325 635 1355 Julii
659 1325 789 1355 caesaris
810 1325 843 1354 in
868 1326 980 1362 Gallia,
1004 1325 1058 1364 qui
1084 1326 1242 1363 ingentem
1266 1324 1330 1355 vim

77 1367 218 1406 pecunioe
232 1373 437 1407 congesserat.
481 1368 540 1398 nlo
552 1378 614 1407 quo
629 1367 776 1398 Horatius
790 1368 911 1407 scripsit
926 1375 1065 1408 tempore
1081 1369 1203 1398 videtur
1221 1369 1330 1398 Romae

77 1416 202 1441 senator
216 1411 354 1450 quidem,
375 1411 429 1442 sed
443 1411 476 1440 in
491 1412 616 1442 luxuria
631 1418 662 1441 et
681 1411 822 1441 omnium
845 1413 995 1442 bonorum
1011 1418 1190 1451 contemptu
1206 1411 1329 1442 vixisse.

77 1452 298 1495 —[Mumm]
322 1455 379 1484 Est
397 1455 431 1484 L.
449 1455 585 1484 Licinius
603 1455 767 1486 Terentius
784 1455 881 1485 Varro
898 1455 1040 1491 Murena,
1063 1455 1156 1485 frater
1173 1455 1329 1486 Terentiae

78 1497 270 1534 Maeoenatis,
292 1498 332 1528 ad
354 1508 447 1536 quem
468 1505 515 1528 est
531 1499 589 1528 Od.
604 1499 635 1534 2,
653 1498 702 1528 10.
715 1515 758 1520 -
773 1497 925 1536 [Plotius]
951 1499 1007 1528 Est
1023 1499 1067 1528 M.
1086 1499 1202 1528 Plotius
1228 1499 1332 1529 Tucca

77 1538 146 1580 (cfr.
162 1542 226 1572 Sat.
245 1540 273 1578 l,
293 1541 343 1576 10,
358 1541 426 1580 81.)
445 1541 570 1571 criticus
592 1542 694 1581 potius
718 1552 810 1581 quarn
836 1548 936 1581 poeta,
964 1542 1017 1581 qui
1042 1549 1150 1581 postea
1173 1551 1236 1571 una
1259 1552 1331 1573 cum

77 1583 115 1615 1..
131 1584 226 1615 Vario
251 1585 367 1623 tragico
395 1584 470 1624 (Οά.
493 1584 522 1623 l,
545 1584 591 1622 6.)
617 1595 655 1615 ex
683 1586 831 1615 mandatu
855 1586 977 1624 Virgilii
1003 1586 1138 1619 AEneida
1164 1585 1332 1615 edidit.—

78 1625 259 1668 [Sinuessa]
284 1629 426 1658 ultimum
448 1628 480 1658 in
500 1629 600 1667 Appia
617 1627 696 1658 Latii
711 1629 871 1668 oppidum,
887 1637 986 1659 xvu1.
1002 1630 1066 1659 mil.
1084 1639 1162 1668 pass.
1179 1629 1297 1659 distans
1312 1638 1331 1659 a

75 1670 206 1703 Formis.
218 1687 263 1693 -
274 1669 413 1711 [quales]
437 1672 547 1702 eadem
562 1673 799 1709 constructione,
816 1673 878 1711 qua
894 1683 967 1702 usus
981 1678 1028 1702 est
1045 1674 1144 1711 Epod.
1160 1674 1191 1709 5,
1208 1673 1259 1708 59,
1274 1682 1331 1712 pro

77 1713 87 1730 ‘
99 1714 212 1744 animae
234 1715 320 1750 tales,
347 1715 507 1754 qualibus’
531 1722 589 1746 cet.
606 1732 648 1737 --
665 1714 769 1756 [tulit]
804 1715 814 1731 ‘
829 1716 969 1756 protulit,
998 1717 1127 1755 genuit.'
1142 1733 1186 1738 -—
1202 1713 1327 1756 [sanus]

77 1757 87 1773 ‘
100 1757 249 1796 quamdiu
263 1759 339 1788 sana
355 1764 458 1788 mente
473 1758 561 1788 sum.’
600 1759 710 1798 Porph.

122 1800 257 1831 45-51.
280 1798 466 1841 [Campano]
492 1802 572 1832 Pons
593 1803 770 1842 Campanus
797 1803 910 1833 Savoni
934 1802 1055 1832 flumini
1082 1803 1246 1842 impositus
1273 1811 1328 1833 111.

77 1842 142 1874 mil.
158 1853 237 1882 pass.
252 1854 271 1874 a
285 1844 441 1875 Sinuessa.
452 1861 494 1866 —
507 1843 663 1885 [parochi]
687 1846 839 1883 homines,
864 1846 917 1885 qui
932 1847 1056 1885 publico
1071 1853 1198 1886 sumptu
1214 1846 1329 1884 magis-

76 1886 207 1917 tratibus
227 1897 263 1918 ac
281 1888 391 1926 legatis
411 1888 469 1918 iter
488 1888 670 1919 facientibus
692 1889 909 1920 ministrabant
931 1899 968 1920 ea
991 1890 1146 1928 utensilia,
1167 1900 1236 1928 quae
1250 1889 1328 1920 -sine

75 1930 216 1963 maxima
231 1931 372 1961 molestia
387 1933 425 1961 ab
441 1931 515 1971 ipsis
530 1933 644 1970 portari
660 1943 721 1962 non
738 1939 890 1972 poterant,
914 1940 946 1963 ut
962 1934 1056 1972 ligna,
1077 1935 1183 1969 salem,
1200 1933 1327 1964 faenum.

76 1989 120 1996 —
133 1971 250 2014 [Hinc]
268 1975 276 1990 ‘
291 1974 372 2004 Hinc
386 1981 508 2013 postero
524 1974 574 2005 die
589 1976 716 2015 profecti
729 1987 826 2015 quum
841 1987 988 2011 essemus,
1003 1982 1142 2016 tempore,
1158 1977 1232 2006 satis
1248 1982 1327 2006 tem-

22 2056 24 2058 ·
76 2017 195 2056 pestive
216 2015 263 2056 (in
286 2018 365 2058 good
390 2017 476 2056 time)
497 2018 645 2057 Capuam,
669 2029 738 2058 quae
761 2029 779 2050 a
795 2020 891 2050 Ponte
911 2022 1072 2059 campano
1089 2021 1222 2049 distabat
1239 2027 1328 2050 xxu.

76 2059 142 2090 mil.
157 2070 248 2099 pass„
263 2060 480 2100 pervenimus!
490 2078 533 2083 —
544 2060 669 2102 [lippis]
687 2063 859 2093 Construe:
883 2074 1009 2103 namque
1024 2065 1176 2093 inimicum
1192 2065 1284 2103 lippis
1298 2068 1328 2095 et

73 2105 180 2138 mdis
198 2104 301 2134 ludere
317 2105 384 2143 pila
397 2116 408 2138 ,·
431 2105 518 2143 quies
538 2112 644 2136 contra
666 2111 699 2136 et
719 2106 906 2137 abstinentia
928 2107 1088 2145 utriusque
1113 2106 1186 2136 mali
1210 2107 1328 2146 optima

22 2159 23 2162 ¹
77 2152 151 2177 nunt
164 2147 310 2177 remedia.
323 2164 366 2168 —
379 2145 514 2187 [Caudi]
538 2149 702 2187 Caudium,
722 2149 924 2190 Hirpinorum
940 2150 1102 2189 oppidum,
1118 2156 1225 2180 notum
1241 2150 1328 2181 clade

76 2188 290 2226 Romanorum
307 2190 339 2220 iu
358 2191 498 2221 Furculis
514 2192 672 2228 Caudinis,
689 2200 776 2223 xxu.
791 2192 855 2223 mil.
871 2203 950 2232 pass.
970 2194 1104 2223 distabat
1119 2204 1137 2223 a
1153 2195 1271 2233 Capua.

83 2255 90 2262 .-
119 2233 257 2264 52—55.
283 2232 468 2274 [Sarmenti]
494 2236 612 2264 Scurrae
635 2235 667 2265 hi
689 2236 721 2265 in
738 2236 915 2267 Maecenatis
939 2237 1088 2266 comitatu
1111 2243 1207 2267 erant.
1254 2238 1327 2267 Sar-

77 2281 201 2310 mentus
222 2286 328 2307 servus
350 2277 450 2307 fuerat
467 2278 509 2308 Μ.
527 2279 664 2315 Favonii,
686 2281 783 2318 cujus,
806 2286 912 2319 utpote
928 2280 1008 2310 inter
1026 2281 1210 2320 proscriptos
1225 2281 1327 2317 occisi,

79 2318 229 2350 honorum
251 2320 345 2351 sectio
370 2321 410 2350 ad
437 2321 638 2352 Maecenatem
666 2323 761 2356 venit.
783 2323 837 2362 qui
865 2324 1062 2353 Sarmentum
1087 2324 1268 2354 manumisit
1297 2329 1330 2354 et

78 2361 208 2397 “ribam
222 2363 304 2395 fecit.
315 2380 359 2387 —
372 2362 542 2406 [Messique
559 2364 707 2440 Cicirrhg]
723 2376 845 2440 ἕοιιτῐε
864 2367 1044 2407 ceteroquin
1059 2367 1167 2407 ignoti.
1204 2368 1329 2398 Nomen
