1390 2586
137 125 190 163 74
468 133 778 161 Epls'rOLARUM
810 132 895 162 LIB.
918 134 947 161 1.
971 123 1034 162 16.

137 234 262 275 Dicas
282 233 496 274 adductum
518 232 680 287 propius
700 232 884 273 frondere
908 232 1144 274 Tarentum.

139 291 247 331 Fons
269 290 387 330 etiam
411 289 494 329 rivo
515 290 607 329 dare
629 303 774 329 nomen
795 288 974 338 idoneus,
997 298 1042 330 ut
1061 305 1137 330 nec

139 346 340 400 Frigidior
361 345 558 385 Thracam
582 360 656 384 nec
676 344 810 399 purior
830 344 979 386 ambiat
1001 345 1190 394 Hebrus3

139 402 305 443 Infirmo
326 401 443 454 capiti
466 401 554 441 fluit
574 401 694 449 utilis,
717 401 824 441 utilis
845 401 946 441 alvo.

141 458 219 499 Hae
242 458 402 498 latebrae
423 457 569 506 dulces,
593 458 725 505 etiam,
747 457 780 497 si
801 456 940 506 credis,
961 471 1142 505 amoenae,
1308 461 1356 499 15

140 514 385 555 Incolumem
410 513 481 553 tibi
502 528 565 553 me
586 521 775 567 praestant
798 513 1099 567 Septembribus
1118 513 1236 555 horis.

141 570 209 611 Tu
230 579 335 610 recte
358 570 469 618 vivis,
492 570 523 609 si
545 583 657 610 curas
677 584 762 610 esse
783 569 890 623 quod
909 569 1043 610 audis:

137 626 340 667 Jactamus
355 625 594 680 jampridem
616 625 743 666 omnis
765 634 803 666 te
826 625 958 666 Roma
977 625 1151 666 beatum.

141 683 219 723 Sed
241 697 391 731 vereor,
415 697 465 721 ne
487 682 549 722 cui
571 682 620 721 de
642 690 680 722 te
700 682 790 735 plus
811 696 929 736 qnam
951 681 1023 722 tibi
1044 682 1201 730 credas3

139 738 255 779 Neve
278 747 392 792 putes
412 738 533 778 alium
554 738 733 792 sapiente
755 738 939 792 bonoque
961 737 1146 787 beatum3
1304 740 1358 778 20

139 794 246 843 Neu,
268 795 300 835 si
324 803 360 835 te
382 794 552 848 populus
572 809 711 834 sanum
732 802 921 848 recteque
942 794 1143 834 valentem

137 850 324 899 Bit-citet,
347 851 540 891 occultam
563 850 714 891 febrem
734 850 807 890 sub
829 858 986 904 tempus
1006 849 1152 891 edendi

137 906 392 955 Dissimules‚
415 907 542 947 donec
562 906 743 947 manibus
763 915 909 947 tremor
930 906 1078 947 incidat
1097 906 1240 948 unctis.

140 964 361 1004 Stultorum
382 963 560 1003 incurata
581 963 707 1017 pudor
727 962 852 1003 malus
874 962 1005 1003 ulcera
1025 962 1139 1004 celat.

141 1020 184 1060 Si
205 1019 294 1074 quis
314 1019 419 1059 bella
440 1019 511 1060 tibi
533 1027 636 1059 terra
656 1026 835 1073 pugnata
854 1018 1033 1073 marique
1305 1019 1358 1058 25

138 1075 275 1124 Dicat,
299 1086 339 1116 et
359 1075 418 1115 his
439 1075 570 1115 verbis
590 1089 732 1115 vacuas
751 1074 997 1128 permulceat
1015 1088 1156 1115 aures:

140 1138 166 1156 “
190 1133 289 1171 Tene
309 1134 433 1186 mayz's
451 1133 598 1171 salvum
610 1132 778 1184 populus
798 1131 899 1179 velit,
921 1145 972 1171 an
981 1131 1167 1184 populum
1186 1137 1240 1179 tu,

137 1189 267 1228 Servet
287 1190 327 1227 in
347 1189 537 1241 ambiguae,
561 1190 627 1242 qui
646 1187 807 1227 consulit
824 1193 859 1226 et
878 1188 950 1227 tibi
968 1194 1004 1226 et
1022 1188 1122 1237 urbi,

137 1245 295 1298 Jupiter
310 1261 325 1292 ,·
341 1244 363 1261 ”
396 1245 572 1298 Augusti
592 1243 728 1283 laudes
747 1257 963 1297 agnoscere
984 1242 1134 1297 possis:

140 1299 279 1348 Quum
301 1300 447 1354 pateris
467 1300 625 1354 sapiens
646 1299 959 1353 emendatusque
981 1299 1127 1351 vocari,
1307 1299 1360 1338 30

140 1356 430 1411 Respondesne
452 1365 531 1404 tuo,
555 1355 617 1396 dic
637 1354 762 1403 sodes,
785 1355 946 1396 nomine
961 1354 1197 1409 P-Nempe

139 1413 213 1452 Vir
236 1413 360 1453 bonus
382 1421 421 1453 et
442 1411 616 1466 prudens
636 1411 713 1451 dici
733 1411 921 1451 delector.
981 1410 1072 1465 Ego
1091 1426 1138 1451 ac
1158 1418 1214 1451 tu.

139 1468 225 1516 Qui
246 1469 355 1508 dedit
375 1468 448 1508 hoc
468 1467 598 1516 hodie,
621 1482 717 1516 cras,
739 1467 773 1508 si
792 1467 911 1516 volet,
932 1467 1108 1515 auferet;
1140 1475 1196 1515 ut,
1217 1466 1251 1507 si

140 1524 346 1566 Detulerit
366 1525 489 1565 fasces
509 1524 689 1579 indigno,
711 1522 892 1564 detrahet
912 1523 1029 1563 idem.

142 1581 267 1630 Pone,
291 1596 423 1621 meum
445 1589 516 1628 est,
538 1580 680 1634 inquit.
728 1579 855 1628 pono,
877 1579 1080 1633 tristisque
1100 1578 1255 1619 recedo.
1306 1581 1361 1620 35

140 1637 254 1677 ldem
276 1637 308 1677 si
329 1637 471 1677 clamet
492 1637 632 1683 furem,
655 1643 779 1690 neget
799 1650 884 1675 esse
905 1634 1107 1690 pudicum,

143 1692 372 1734 Contendut
393 1693 535 1746 laqueo
556 1692 701 1732 collum
722 1691 910 1746 pressisse
931 1699 1164 1746 paternum3

143 1749 333 1790 Mordear
354 1748 574 1803 opprobriis
595 1748 715 1796 falsis,
737 1756 969 1801 mutemque
991 1746 1175 1788 colores?

143 1805 283 1846 Falsus
304 1804 428 1844 honor
443 1805 559 1859 juvat
579 1813 619 1845 et
639 1803 811 1844 mendax
831 1803 995 1844 infamia
1014 1811 1139 1844 terret

143 1861 290 1910 Quem,
314 1861 389 1900 nisi
409 1860 643 1901 mendosum
663 1868 704 1900 et
724 1859 979 1900 mendacem.
969 1859 987 1887 '³
1045 1858 1120 1899 Vir
1148 1859 1275 1900 bonus
1303 1863 1364 1899 est

251 1917 372 1972 quis?
1308 1917 1362 1955 40

144 1973 229 2022 Qui
250 1973 429 2014 consulta
448 1980 618 2027 patrum,
641 1972 709 2026 qui
731 1971 873 2026 leges
856 1985 1030 2026 juraque
1051 1979 1201 2020 servat3

145 2030 240 2078 Quo
259 2030 395 2070 multae
416 2043 651 2084 magnaeque
671 2036 855 2069 secantur
869 2027 1007 2082 judice
1027 2027 1141 2068 lites·
1130 2057 1141 2075 ,

143 2086 239 2134 Quo
259 2101 320 2126 res
340 2100 543 2140 sponsore,
565 2094 605 2125 et
625 2099 704 2139 quo
725 2099 852 2124 causae
872 2094 970 2124 teste
991 2091 1190 2124 tenentur,

146 2142 225 2182 sed
247 2142 354 2182 videt
374 2142 480 2182 hunc
499 2140 626 2181 omnis
646 2141 787 2181 domus
807 2148 849 2180 et
868 2139 1013 2180 vicinia
1032 2147 1114 2180 tota

143 2197 343 2239 Introrsus
364 2207 534 2253 turpem,
555 2196 780 2261 speciosurn
798 2195 903 2250 pelle
923 2195 1079 2236 decora.
1308 2196 1360 2234 45

145 2253 234 2294 Nec
254 2254 402 2295 furtum
423 2254 513 2303 feei,
535 2268 608 2293 nec
628 2253 727 2308 fugi,
749 2252 782 2293 si
803 2252 900 2292 mihi
920 2251 1025 2292 dicat

144 2312 315 2358 Servus3
335 2310 487 2351 Habes
507 2309 692 2364 pretium,
714 2308 807 2350 loris
827 2323 906 2350 non
927 2308 1065 2358 ureris,
1085 2305 1162 2348 aio.
