1390 2586
1333 0 1372 62 {t

1348 62 1366 83 ἵ,

113 89 196 130 256
545 88 910 119 INTERPRETA'rto.
1218 87 1359 135 [arm-3,

116 186 271 228 [Divitia]
302 190 310 203 ¹
326 187 503 217 vestimenta
525 187 694 226 splendida,
722 197 796 217 auro
821 188 910 227 picta,
940 188 978 216 ab
999 187 1126 226 antiqua
1149 181 1356 229 simplicitate,³

115 232 255 260 Romanii
280 227 604 269 animal—[oblitus]
629 232 806 268 ‘coopertus
832 240 866 259 ac
891 239 983 268 prope
1010 230 1101 259 nimis
1126 231 1270 267 ornatus‚’
1293 228 1360 265 ἰοί-’ς

113 275 197 303 much
225 273 475 303 encumbered.—
489 270 618 311 [adhuc]
651 273 658 287 ‘
672 282 767 310 usque
796 273 834 301 ad
866 272 922 301 hoe
951 272 1094 310 temporis
1123 268 1347 310 punctum!—

115 314 223 355 [vz'olas
237 313 370 353 imitata]
395 315 562 352 ‘janthina,
579 315 712 344 violacea
728 314 890 344 vestis.'—
903 311 1042 353 [veneno]
1067 316 1075 330 ‘
1088 312 1253 354 φαρμάκῳ,
1275 299 1359 344 ruth¹²¹¹

115 359 295 392 dicamento,
322 357 353 385 id
380 362 433 391 est,
459 357 488 385 h.
514 358 532 386 1.
558 357 682 386 muricis
702 366 799 392 succo,
818 356 973 395 purpurfi,’
989 361 1022 385 ut
1037 356 1119 394 virg.
1137 358 1191 386 Ge.
1217 357 1246 392 2,
1266 348 1349 396 465}

114 402 194 430 Alba
208 410 300 438 ‘neque
315 401 438 438 Assyrio
445 397 572 437 fucatur
588 401 657 428 lana
673 409 788 428 veneno.

157 441 331 472 208—213.
358 439 519 480 [recusem]
558 441 680 480 propria
708 439 929 478 significatione
959 438 1069 478 (resist,
1103 438 1228 479 refuse).
1286 434 1354 473 Ests'

114 485 217 523 igitur,
248 484 382 518 ‘nolim,'
412 484 516 512 addita
545 489 646 512 tamen
676 485 777 513 causa.
793 499 836 504 —
852 481 991 522 [laudare
1020 481 1164 522 maligne]
1199 486 1207 499 ⁴
1219 489 1341 522 propter

115 527 216 556 nescio
239 536 330 564 quam
353 526 551 555 invidentiam
574 535 662 564 parce
685 536 719 555 ac
742 525 851 563 frigide
874 525 1007 561 laudare,
1032 530 1062 554 et
1084 525 1127 554 ita
1149 525 1284 563 quidem,
1306 530 1342 556 ut

115 580 182 608 quae
198 570 263 598 laus
280 569 426 602 videatur,
449 578 480 597 re
497 570 568 597 vera
585 568 623 597 sit
643 569 759 597 occulta
773 567 944 596 irrisio.’—-
960 565 1050 606 [Ille]
1075 567 1124 596 Ex
1139 567 1342 597 recentiorum

114 613 288 650 linguarum
306 611 406 639 indole
422 611 463 639 sic.
480 611 665 647 pergendum
681 611 776 639 foret:
801 611 852 639 hoc
872 611 953 644 mito,
975 611 1018 638 sic
1036 610 1148 643 habeto,
1172 610 1254 639 illum
1269 611 1341 640 mihi

114 655 261 684 —videri.
293 653 353 682 Cfr.
379 653 438 682 Sat.
463 654 491 687 2,
517 653 543 688 l,
569 654 665 683 80.-
681 650 748 691 [Ire
772 649 876 691 poeta]
901 652 979 680 ‘Ille
1004 661 1067 680 rem
1091 651 1171 680 factu
1195 661 1341 690 perquam

115 697 267 726 difficilem
284 700 426 734 praestare
442 705 540 733 neque
555 696 599 724 vel
615 695 767 724 tantillum
784 696 922 723 aberrare
938 695 975 722 ab
987 694 1059 722 artis
1075 694 1189 731 regula,
1205 703 1341 724 summus

115 739 207 777 igitur
222 744 310 777 poeta
326 748 389 766 esse
408 738 482 766 milti
500 738 638 766 videtur.'
650 753 693 759 --
706 735 869 776 [inaniter]
894 736 965 774 quia
987 736 1089 765 fictum
1111 742 1156 765 est
1178 746 1340 774 argumen-

115 789 189 811 tum.
202 797 243 802 --
257 778 398 820 [Irritat]
431 782 438 795 ‘
450 780 651 809 vehementes
677 779 771 809 animi
801 779 924 808 affectus
948 776 1191 817 movet.'—[Uc
1219 776 1339 818 magus]

115 826 123 840 ‘
138 825 180 853 Ut
194 824 275 860 magi
291 821 423 860 exempli
443 824 533 851 causa
551 823 664 851 umbris
679 832 716 851 ex
734 823 811 850 Orco
826 821 973 856 excitatis,
995 821 1191 850 cadaveribus
1208 821 1246 850 ad
1263 826 1340 851 tem-

114 876 171 905 pus
186 866 217 894 in
234 866 326 894 vitam
341 865 486 893 revocatis
502 865 686 894 consultores
697 863 967 903 perterrefaciunt!
977 878 1019 883 —
1029 860 1339 902 [Thebis—Athenis]

115 909 224 947 quibus
239 909 270 937 in
287 907 411 936 urbibus
427 907 562 945 plerique
577 905 675 946 μῦθοι
694 917 711 935 a
734 906 854 943 tragicis
876 905 992 934 tractati
1015 905 1118 934 sedem
1140 914 1227 934 suam
1248 905 1359 939 habe—s

113 953 197 980 bant.

157 993 227 1028 216,
244 991 314 1026 217.
340 989 460 1031 [redde]
486 992 620 1021 Reddere
642 1000 702 1019 non
723 995 767 1020 est
783 990 864 1019 idem
887 999 921 1019 ac
943 991 1107 1026 restituere,
1132 991 1169 1019 ab
1185 989 1244 1018 alio
1259 989 1359 1027 quod¹

114 1035 274 1074 acceperis,
298 1044 353 1063 nec
371 1035 443 1064 dare
465 1033 650 1072 simpliciter,
674 1033 725 1062 sed
743 1035 750 1048 ‘
761 1033 833 1062 dare
848 1042 894 1068 ea,
917 1042 984 1070 quae
1000 1038 1052 1060 aut
1066 1037 1188 1069 propter
1203 1031 1341 1070 qualem·
1357 1046 1361 1047 ν

114 1087 233 1116 cunque
249 1087 368 1106 causam
385 1077 532 1105 debentur
548 1076 594 1111 iis,
611 1074 720 1114 quibus
733 1076 853 1109 dantur,
869 1081 921 1103 aut
935 1075 973 1103 ad
989 1083 1038 1103 eos
1054 1083 1235 1112 quocunque
1251 1074 1342 1103 modo

114 1120 287 1160 pertinent,'
306 1120 391 1147 velut
407 1120 529 1148 reddere
543 1117 589 1147 dis
609 1122 715 1152 votum,
731 1118 854 1147 reddere
868 1118 959 1146 alicui
973 1117 1134 1154 epistolam.
1180 1116 1220 1145 H.
1237 1116 1259 1144 l.
1274 1125 1340 1145 mo-

115 1162 284 1192 destissime
306 1162 412 1190 suadet
429 1162 575 1198 Augusto,
599 1166 631 1189 ut
646 1170 699 1198 pro
714 1166 871 1198 poetarum
887 1158 1002 1188 meritis
1017 1159 1061 1196 (v.
1079 1157 1163 1196 118),
1179 1157 1270 1187 etiam
1286 1167 1341 1197 pro

114 1205 225 1240 studio,
242 1214 302 1242 quo
318 1205 381 1241 ejus
397 1213 443 1232 res
455 1210 556 1240 gestas
571 1203 733 1237 celebrent,
747 1203 862 1236 reddat,
876 1201 907 1230 id
926 1206 982 1232 est,
995 1200 1125 1230 vicissim
1143 1201 1287 1238 rependat
1302 1199 1340 1230 iis
1373 1207 1376 1212 '

115 1257 218 1278 curam
234 1247 365 1283 aliquam
383 1247 503 1274 brevem
525 1246 682 1274 dumtaxat
699 1251 820 1282 propter
839 1244 935 1272 multa
951 1244 1015 1280 ejus
1031 1241 1341 1282 negotia—[munus

115 1290 252 1329 Apolline
272 1286 409 1327 dignum]
437 1288 492 1316 Dio
509 1288 590 1316 Cass.
610 1287 662 1320 53,
681 1287 707 1321 1,
729 1285 765 1316 τὸ
788 1283 1017 1315 Ἀπολλώνιον
1043 1283 1115 1314 τότε
1135 1283 1171 1314 ἐν
1193 1285 1242 1324 τῷ·
1267 1285 1340 1314 Πα-
1364 1280 1365 1283 “

114 1330 219 1371 λατὶῳ
235 1331 286 1361 καὶ
304 1330 341 1360 τὸ
356 1328 530 1370 τεμὲνισμα
547 1328 582 1359 τὸ
600 1326 671 1368 περὶ
688 1327 767 1358 αὐτὸ
789 1326 849 1364 τάς
870 1338 903 1358 τε
918 1325 1094 1364 ἀποθήκας
1115 1327 1183 1356 τῶν
1196 1324 1342 1366 βιβλίων

115 1372 282 1410 ἐξεποίησε
298 1372 351 1402 καί
369 1370 540 1412 καθιέρωσε
565 1371 611 1410 (Δ.
627 1379 657 1400 U.
671 1379 697 1400 c.
715 1370 800 1410 726).
814 1387 853 1391 —
864 1367 1006 1408 [addere]
1034 1370 1065 1398 in
1081 1370 1169 1408 prosii
1184 1379 1226 1399 or.
1242 1370 1341 1399 admo-
1361 1395 1365 1398 .

115 1427 190 1452 vere,
206 1418 354 1450 adhibere,
371 1416 462 1444 etiam
477 1415 600 1444 subdere
615 1415 724 1448 calcar,
740 1414 769 1442 h.
786 1414 803 1442 1.
820 1414 827 1428 ‘
839 1413 970 1442 excitare
984 1421 1087 1441 eorum
1103 1411 1231 1440 studia:'
1248 1421 1341 1450 quam
1363 1441 1366 1444 ,

115 1459 297 1489 sententiam
313 1463 399 1486 ornat
415 1458 567 1486 Heliconis
581 1457 702 1486 virentis
717 1457 803 1493 grata
818 1454 959 1493 imagine.
1364 1487 1366 1490 y

158 1501 332 1531 220—228.
359 1497 488 1538 [vineta]
515 1499 708 1528 Proverbium
738 1498 769 1527 in
799 1507 849 1527 eos
879 1497 998 1532 dicitur,
1023 1495 1074 1534 qui
1103 1494 1214 1525 mentis
1239 1494 1341 1533 aliquo

116 1553 216 1573 errore
231 1542 357 1581 abrepti,
374 1542 421 1570 vel
445 1542 602 1570 iracundia
618 1542 663 1569 vel
679 1540 807 1569 stultitia
822 1539 878 1568 sibi
900 1539 954 1578 ipsi
973 1543 1092 1568 nocent.
1137 1537 1249 1567 Tibull.
1266 1537 1294 1572 l,
1310 1537 1341 1574 2,

119 1587 187 1621 100,
207 1586 286 1618 Quid
299 1595 404 1614 messes
427 1586 489 1613 uris
511 1585 616 1613 acerba
638 1587 704 1612 tuas
716 1584 782 1611 ,7-
795 1579 889 1622 [loca]
917 1582 982 1611 Hac
999 1580 1219 1618 significatione
1235 1579 1342 1608 Cicero

116 1635 147 1658 et
176 1627 402 1660 Quinctilianus
430 1636 549 1664 semper
578 1631 705 1654 utuntur
733 1634 802 1662 gen.
828 1620 1188 1662 mmm—[revolvimus]
1221 1622 1341 1651 ‘denuo

116 1671 236 1700 evoluto
253 1670 327 1699 libro
346 1670 456 1698 iterum
480 1669 639 1697 recitamus
664 1668 762 1696 locum
786 1667 928 1704 aliquem,
951 1665 1004 1704 qui
1019 1665 1240 1704 pulcherrimus
1255 1663 1342 1693 nobis

116 1713 246 1748 videtur,
273 1711 328 1741 etsi
355 1721 444 1740 nemo
471 1711 527 1739 hoc
556 1720 573 1739 a
599 1709 685 1738 nobis
711 1709 1029 1747 petiit.'—Revocari
1056 1706 1175 1745 proprie
1199 1706 1342 1735 dicuntur

116 1761 240 1790 actores,
258 1754 308 1792 qui
325 1764 341 1783 a
357 1754 573 1791 spectatoribus
589 1749 686 1791 ῥῆσιν
702 1752 834 1789 aliquam
857 1751 1006 1788 insignem
1030 1755 1164 1788 repetere
1183 1750 1340 1786 jubentur.

117 1797 181 1828 Cic.
205 1807 259 1836 pro
281 1798 355 1825 Sest.
373 1796 475 1825 58.-
489 1794 559 1834 [non
583 1792 741 1833 apparere]
767 1795 846 1822 ‘non
873 1793 924 1829 ita,
950 1799 985 1821 ut
1007 1793 1163 1829 deberent,
1184 1791 1216 1820 in
1239 1790 1342 1820 oculos

117 1841 261 1879 cujusque
278 1839 431 1868 incurrere
447 1844 478 1866 et
493 1844 593 1866 mente
609 1838 671 1866 sive
687 1836 832 1865 auditoris
847 1836 908 1865 sive
931 1834 1050 1864 lectoris
1073 1833 1201 1872 perspici
1224 1833 1342 1870 riteque

117 1879 457 1919 aestimari.’-—[tenui]
481 1879 631 1917 frequenti
657 1879 788 1916 imagine
811 1888 829 1907 a
852 1877 982 1907 lanificio
1007 1877 1097 1906 ducta
1121 1875 1256 1904 carmina
1279 1876 1341 1904 ele-

117 1925 221 1964 gantia
244 1934 278 1954 ac
304 1923 408 1952 suavia
432 1928 643 1959 comparantur
669 1931 737 1950 cum
764 1922 845 1950 tenui
872 1920 923 1949 filo
949 1930 967 1949 a
993 1919 1057 1948 colo
1081 1919 1226 1951 deducto.-
1249 1917 1342 1946 etiam

117 1968 263 1997 absolute.
286 1965 374 2003 Virg.
399 1965 463 1994 Ecl.
486 1964 515 2000 6,
540 1966 569 1999 5,
595 1965 751 1994 deductum
776 1964 873 1992 dicere
896 1972 1076 1992 carmen.—-
1092 1957 1284 2000 [commodus]
1308 1964 1343 1988 ut

119 2011 174 2039 Od.
197 2010 227 2043 4,
241 2009 270 2044 8,
292 2008 320 2043 l,
334 2007 445 2036 ‘facilis
465 2016 499 2035 ac
521 2006 673 2035 liberalis.'
684 2022 726 2027 ——-
738 2003 837 2044 [egere
852 2002 946 2044 vetes]
972 2003 1082 2041 ‘largis
1097 2002 1272 2031 muneribus
1288 2010 1342 2030 nos

118 2052 249 2081 afficias!
295 2051 354 2079 Sed
371 2050 496 2078 ridicule
511 2059 705 2087 expressum:
730 2050 880 2086 ‘egestate
906 2056 958 2075 nos
979 2046 1097 2082 liberes,
1118 2050 1272 2083 tamquam
1287 2042 1342 2073 tibi

118 2095 175 2134 ipsi
193 2104 256 2123 rem
271 2101 455 2130 magnopere
470 2097 587 2128 gratam
604 2091 743 2126 facturos,
766 2090 790 2119 si
805 2099 866 2118 non
881 2091 946 2127 jam
962 2088 1124 2125 egeamus!

160 2135 335 2166 230-234.
362 2131 534 2174 [AEdituos]
559 2133 661 2162 Virtus
678 2132 807 2170 Augusti
828 2137 873 2161 est
894 2137 1048 2168 tamquam
1069 2130 1135 2165 dea,
1158 2138 1225 2166 quae
1246 2127 1342 2156 aedem

117 2179 229 2212 habet;
261 2183 357 2216 poetae
387 2177 488 2214 igitur,
519 2186 613 2214 quum
639 2175 835 2214 panegyricos
865 2174 961 2203 aliave
991 2172 1125 2202 carmina
1153 2171 1184 2200 in
1212 2169 1343 2207 Augusti

118 2222 241 2251 laudem
265 2225 459 2258 componunt,
485 2223 556 2247 sunt
579 2218 659 2247 illius
686 2218 750 2246 deae
775 2216 860 2255 quasi
886 2210 1246 2253 ‹zanua—[Choerilus]
1273 2212 1342 2240 Non

121 2264 252 2300 Samius,
276 2263 328 2292 sed
345 2261 485 2298 Iasensis,
511 2258 661 2300 (Ἰασεύς,
683 2262 720 2290 ab
743 2259 820 2296 Iaso,
842 2258 939 2288 Cariae
961 2255 1106 2297 oppidoz)
1131 2264 1229 2285 comes
1246 2254 1343 2284 Alex·
