1390 2586
1357 16 1368 48 t

183 100 266 142 212
608 100 971 131 INTERPRETATIO.
1269 99 1376 142 [nrm

184 200 255 229 dere
272 199 476 238 praeceptum‚'
493 203 526 227 ut
541 197 683 236 guttatim
698 198 728 228 in
744 208 831 227 aures
846 199 1031 228 instillantur
1043 199 1152 230 harum
1167 199 1379 232 medicamenta

183 240 300 280 --[Uc
325 246 356 270 ln
373 238 542 279 fortunam]
567 240 675 272 ‘Quod
700 241 724 269 si
750 246 783 270 tu
813 242 946 270 modeste
975 241 1052 270 feres
1077 242 1238 277 fortunam,
1269 252 1335 281 quae
1361 251 1378 275 t·

184 285 325 313 comitem
341 284 411 312 fecit
428 283 564 316 Neronis,
587 283 671 320 cujus
687 282 787 312 favore
802 283 937 320 gaudens
955 285 1081 321 majores
1097 284 1188 313 etiam
1211 293 1282 322 opes
1304 291 1379 329 atqu

183 326 313 355 honores
336 326 498 363 aliquando
519 325 643 363 adipisci
666 330 760 373 potes,
785 335 838 354 uos
862 335 980 363 quoque
997 326 1164 364 (Neronem
1187 326 1276 355 simul
1301 321 1374 365 sigril

183 369 268 406 ficat)
291 367 428 396 benevoli
453 373 483 396 et
506 377 574 396 vere
596 366 683 395 amici
707 367 761 396 tibi
782 367 911 402 erimus;
934 369 1075 406 superbia
1096 373 1201 398 contra
1221 374 1251 398 et
1271 368 1348 399 fastu
1365 379 1378 400 a

184 416 293 449 praeter
307 411 431 439 modum
446 415 475 439 te
491 409 644 445 extuleris,
659 409 769 438 amicos
783 419 801 438 a
816 415 844 438 te
859 409 1063 439 abalienabis:

648 535 672 564 E
679 535 855 566 PISTOLA
879 535 935 566 IX.

228 621 363 650 Ancum.
386 620 552 650 venustius
566 629 637 649 sane
651 625 742 658 atque
756 620 924 658 elegantius
936 620 1114 659 Septimium
1129 631 1216 650 suum
1229 620 1282 660 (de
1297 630 1378 660 quov

186 664 243 693 Od.
259 665 290 701 2,
304 663 347 702 6.)
375 663 495 692 Tiberio
512 662 638 691 Claudio
660 662 773 692 Neroni
797 663 1006 692 commendare
1027 673 1087 692 non
1111 665 1211 712 potuit
1229 673 1319 703 quam
1337 663 1390 696 In.

185 686 333 744 epistolio,
358 706 388 734 in
414 716 473 743 quo
496 705 633 743 gratiam.
659 715 718 742 qua
742 705 805 743 ipse
829 706 909 743 apud
924 705 1053 743 Augusti
1077 706 1249 744 privignum
1268 706 1378 737 fruatur

185 749 289 777 dedita
304 758 395 785 opera
410 754 564 776 extenuat.
608 746 678 776 Noli
694 753 795 776 autem
814 747 947 776 oblivisci
963 757 998 776 eo
1013 753 1156 786 tempore,
1176 758 1236 786 quo
1252 748 1379 787 scriptun

185 797 231 819 est
247 789 293 827 (Α.
311 798 341 819 υ.
358 799 384 819 c.
401 790 471 825 732,
489 790 546 825 vel,
569 795 602 818 ut
624 790 674 818 alii
697 790 809 824 volunt,
829 789 914 828 734)
939 790 1051 818 Tiberii
1071 799 1168 819 mores
1189 791 1323 820 nondum
1346 791 1382 823 ὼ

185 833 387 870 prehensione
410 833 516 869 dignos
541 831 643 861 fuisse.
685 831 776 860 Tacit.
800 832 878 861 Anu.
897 831 925 866 6,
941 832 992 867 51,
1007 833 1153 872 Egregius
1169 834 1230 862 vita
1244 829 1380 878 samdqfis

185 877 281 914 quoad
292 877 425 912 privatus
439 875 509 904 vel
499 884 528 903 tn
545 875 663 912 imperio
677 875 730 903 sub
745 872 995 913 Augustosaeral.

230 917 317 946 1—3.
344 915 482 955 [unus]‘
494 922 602 954 praeter
626 916 759 944 ceteros)
804 916 878 944 ‘Vel
898 925 1020 954 propter
1039 916 1095 945 hoc
1115 917 1313 946 metuendum
1334 919 1379 949 8⁴61

185 964 240 994 est,
260 969 298 988 ue
314 965 342 988 te
358 959 484 988 aliorum
505 968 607 987 rursus
627 959 886 987 commendatione
904 959 1089 987 obtundam!
1099 957 1253 998 —[rogat
1267 963 1295 989 et
1310 959 1378 996 prk

185 1000 278 1041 cogit]
303 1002 361 1030 ‘ita
377 1007 471 1039 rogat,
487 1007 520 1029 ut
535 1010 583 1029 me
598 1001 735 1038 precibus
750 1000 810 1029 suis
826 1001 910 1038 quasi
925 1001 1040 1038 cogat-⁹
1023 1022 1030 1036 ,
1064 1010 1153 1038 quam
1171 997 1383 1040 πειθανάγκη.

187 1044 285 1073 Graeci
300 1044 414 1073 dicunt.
423 1059 464 1064 -
475 1041 625 1082 [Scilicet]
642 1044 708 1082 only
720 1043 802 1072 tkinlt
813 1041 1019 1082 l—[tradere]
1042 1049 1076 1072 ut
1087 1044 1148 1072 Sat.
1166 1043 1193 1080 l,
1209 1044 1238 1080 9,
1251 1043 1301 1078 47.
1319 1044 1387 1083 Ep}

227 1128 256 1163 4,
271 1086 503 1167 5.7[mente]e
470 1128 478 1142 ⁶
488 1127 610 1165 egregia
625 1128 678 1156 tua
692 1127 792 1156 indole
805 1131 836 1156 et
850 1127 972 1165 ingenio
986 1127 1170 1165 perspicaci.
1178 1144 1220 1148 -—
1230 1126 1378 1167 [domoquu

186 1170 234 1199 Ex
253 1170 450 1199 Claudiorum
473 1171 564 1207 stirpe
589 1169 775 1198 nobilissima
798 1175 890 1204 ortus,
911 1169 993 1207 apud
1008 1169 1146 1198 vitricum
1167 1171 1311 1198 educatus
1325 1176 1385 1199 em

184 1210 392 1251 —[legentls]
416 1212 574 1241 ‘honestos
590 1217 707 1240 tantum
728 1211 865 1240 homines
883 1211 1032 1249 eligentis,
1055 1221 1129 1249 quos
1152 1212 1182 1241 in
1206 1211 1377 1241 familiarium

184 1264 307 1284 suorum
324 1264 483 1284 numerum
499 1254 632 1288 asciscat,
655 1263 689 1282 ac
704 1259 862 1292 propterea
875 1263 893 1283 a
907 1263 939 1283 se
954 1254 1134 1283 removentis
1154 1254 1291 1284 homines
1305 1255 1378 1285 bonu

185 1306 253 1326 rum
274 1297 383 1326 artium
406 1296 516 1325 rudes!
527 1312 569 1316 —
581 1293 758 1335 [propioris]
783 1297 791 1311 ‘
803 1295 947 1331 carioris,’
961 1305 1036 1335 quos
1060 1297 1207 1326 vocabant
1224 1297 1328 1335 primae
1344 1304 1387 1326 ω

185 1341 340 1374 missionis,
359 1340 471 1368 Seneca
487 1339 523 1367 de
542 1338 644 1367 Benef.
661 1338 690 1373 6,
705 1337 755 1367 33.

227 1381 318 1411 6—9.
342 1378 487 1419 [valdius]
513 1380 657 1414 ‘melius,’
675 1386 708 1409 ut
723 1380 758 1410 A.
773 1380 805 1409 P.
821 1380 877 1410 321
888 1401 896 1415 ‚
910 1381 1026 1410 valdius
1040 1381 1191 1410 oblectare.
1202 1396 1243 1401 —
1254 1377 1381 1419 [abirem

186 1424 241 1452 ‘ut
269 1424 447 1453 evaderem-¹
480 1420 732 1461 &thob—[mea]
755 1424 762 1438 ‘
778 1423 856 1451 bona
880 1427 910 1451 et
933 1423 1100 1457 commoda,
1127 1422 1158 1451 in
1184 1422 1294 1460 quibus
1318 1429 1377 1460 pon

185 1466 277 1495 etiam
305 1465 448 1501 favorem,
478 1475 538 1503 quo
565 1474 614 1494 me
642 1465 782 1502 prosequi
812 1464 966 1501 dignaris!
980 1480 1021 1485 —
1038 1462 1278 1503 [Dissimulator]
1316 1463 1376 1493 Tal-

185 1508 365 1537 describitur
389 1506 491 1544 εἴρων,
511 1508 548 1535 ab
565 1507 726 1536 Aristotele
750 1507 786 1535 de
813 1507 888 1535 Mor.
913 1507 951 1535 ad
972 1506 1090 1535 Nicom.
1112 1507 1141 1542 4,
1163 1506 1194 1541 3,
1219 1503 1236 1535 ὁ
1261 1503 1288 1536 δ’
1306 1505 1376 1546 εἴρω

186 1546 269 1580 δοκεῖ
298 1547 470 1589 ἀρνεῖσθαι
498 1548 537 1578 τὰ
562 1546 756 1589 ὑπάρχοντα
785 1547 806 1585 ἢ
835 1545 958 1578 ἐλάττω
986 1548 1101 1578 ποιεῖν.
1135 1549 1234 1578 Lamb.
1249 1564 1292 1569 -——
1304 1546 1375 1587 [opi-¹

185 1592 318 1629 ‘gratiae‚
335 1603 395 1630 qua
410 1592 492 1620 fruor
507 1593 587 1629 apud
604 1596 642 1625 te,
662 1598 692 1620 et
706 1591 736 1619 id
752 1600 845 1619 unum
861 1597 1016 1628 appetens,
1034 1597 1068 1619 ut
1083 1591 1196 1619 utilitas
1211 1590 1283 1620 inde
1297 1590 1337 1620 ad
1351 1599 1376 1620 m

184 1635 364 1669 redundet;’
387 1634 553 1672 cujusmodi
569 1633 706 1662 homines
722 1629 977 1673 ἰδιοπράγμονας
991 1638 1098 1662 vocant
1113 1632 1221 1662 Graeci.

230 1676 309 1706 11-
314 1657 359 1706 13⁷.
385 1673 552 1715 [descendi]
579 1676 748 1713 Usurpatur
761 1676 798 1704 de
813 1685 855 1710 re,
870 1684 961 1713 quam
975 1675 1075 1704 minus
1091 1675 1213 1712 dignam
1229 1674 1315 1703 nobis
1329 1683 1375 1703 cet

184 1724 285 1748 sentes
299 1728 391 1756 prope
408 1718 494 1747 iuviti
509 1717 698 1755 suscipimus,
723 1718 775 1746 sed
791 1722 892 1746 tamen
910 1723 1031 1756 propter
1046 1722 1141 1746 certas
1156 1726 1260 1746 causas
1273 1716 1375 1754 abjice!

185 1770 246 1790 non
262 1771 430 1798 possumus.
454 1760 515 1788 Cic.
534 1760 635 1788 Divin.
653 1759 679 1793 l,
695 1760 735 1788 ad
753 1760 948 1789 accusandum
970 1760 1150 1789 descendere.
1193 1759 1286 1788 Frons
1306 1759 1374 1787 inte

185 1804 259 1832 dum
281 1812 335 1841 pro
358 1802 559 1840 impudentia,
584 1802 757 1839 insolentia,
779 1801 876 1831 fastu:
901 1802 981 1831 unde
995 1799 1126 1839 frontem
1146 1799 1332 1840 perfricare‘
1343 1800 1375 1829 in

184 1845 335 1884 pudenter
348 1855 380 1873 se
394 1844 518 1882 ger’ere,
533 1850 562 1873 et
577 1844 607 1872 in
623 1845 787 1893 plebeculae
801 1842 1058 1882 Latinitatefrons
1071 1845 1251 1882 espudorata
1265 1840 1376 1882 (Petro,

187 1888 238 1918 39.
243 1885 349 1926 >frons
363 1888 476 1916 urbana
493 1896 535 1924 pr.
551 1891 596 1915 est
610 1888 684 1924 ejus,
705 1886 767 1924 qui,
788 1887 859 1924 quia
874 1886 905 1915 in
921 1887 993 1915 urbe
1009 1886 1091 1920 vivit,
1114 1886 1214 1914 minus
1231 1885 1354 1914 timidus
1365 1893 1375 1913 ε

185 1931 340 1959 modestus
354 1935 398 1958 est
415 1929 524 1958 rustico
540 1939 572 1957 ac
588 1938 680 1966 prope
697 1928 812 1957 accedit
831 1929 870 1957 ad
893 1937 990 1957 mores
1012 1937 1192 1961 scurrarum,
1209 1926 1375 1965 (quibuscum

180 1973 353 2011 junguntur
376 1972 482 2000 urbani
504 1971 580 2008 Epp.
605 1971 630 2005 1,
657 1970 705 2006 15,
730 1970 780 2005 27,
805 1975 835 2000 et
855 1971 950 1999 Plaut.
969 1970 1051 1999 Trin.
1076 1970 1102 2006 l,
1117 1971 1146 2005 2,
1165 1969 1247 2008 162.)
1264 1969 1375 2007 quocir‹

185 2015 339 2043 interdum
352 2014 397 2042 vel
413 2014 574 2051 potentiori
590 2013 686 2041 amico
698 2013 840 2042 molestus
857 2013 920 2042 fieri
937 2022 996 2042 nou
1012 2012 1185 2041 reformidat
1201 2018 1231 2040 et
1245 2012 1302 2040 hoc
1316 2019 1375 2048 qun

181 2058 232 2095 jus
255 2056 312 2085 sibi
336 2056 437 2091 sumit,
466 2061 499 2084 ut
527 2055 727 2084 confidentius
755 2064 786 2084 se
816 2060 902 2092 gerat
930 2064 998 2084 cum
1027 2054 1182 2083 omnibus:
1214 2054 1285 2083 hinc
1307 2052 1370 2081 sace

182 2100 316 2137 praemz‘a,
336 2099 416 2136 jura,
437 2099 601 2136 privileges.
646 2098 653 2112 ‘
665 2097 765 2126 Ausus
781 2107 847 2126 sum
868 2098 982 2135 pudore
998 2097 1132 2134 deposito
1147 2096 1234 2125 amici
1249 2104 1340 2124 causa
1354 2103 1370 2123 v

186 2141 408 2170 inverecundus
432 2140 516 2168 fieri)
529 2137 698 2178 -[Scribe
715 2138 842 2179 (unum)
863 2140 907 2168 tui
926 2138 1043 2178 gregis]
1068 2148 1112 2177 pr.
1129 2139 1212 2176 ‘ejus
1237 2146 1346 2165 nomen
1368 2137 1374 2164 i

186 2183 290 2212 album
305 2182 468 2211 amicorum
490 2187 609 2210 tuorum
631 2182 734 2210 referri
748 2183 842 2219 jube;
836 2181 852 2199 ·’
878 2182 885 2196 ‘
897 2181 993 2219 recipe
1009 2190 1079 2210 eum
1093 2181 1124 2209 in
1139 2180 1293 2208 cohortem
1307 2187 1372 2208 com

186 2230 251 2254 tum
273 2225 413 2253 tuorum)
458 2224 506 2253 Sic
527 2224 608 2261 apud
624 2224 685 2253 Cic.
702 2224 739 2252 de
756 2224 805 2252 Or.
823 2224 852 2259 2,
865 2223 916 2260 62,
931 2229 962 2253 et
975 2224 1015 2253 ad
1030 2223 1113 2252 Fam.
1129 2222 1160 2258 7,
1174 2221 1226 2258 33,
1241 2221 1358 2251 sodales
1372 2236 1373 2244 κ

187 2267 318 2305 aequales
333 2267 475 2305 dicuutur
486 2266 666 2306 gregales.
710 2266 851 2305 Doering.
