1390 2586
30 101 101 128 m
115 96 140 126 ῃ,
156 90 204 135 7,]
472 88 850 120 iuraaraauno.
1208 86 1289 130 133

31 194 204 227 Noviorum
218 193 258 224 ad
271 192 352 222 hanc
369 196 502 221 statuam
518 189 696 230 turpissime
712 189 911 220 senerebatur
933 198 1054 219 summo
1075 197 1178 224 mane,
1196 199 1293 228 quare

135 247 151 268 r
166 235 314 268 Horatius
329 235 486 274 inquiens,
501 234 659 273 Marsyam
676 234 806 264 alteram
830 234 943 263 habere
959 242 1087 262 manum
1102 238 1236 262 erectam
1253 233 1294 262 ad

33 281 252 320 depellendum
267 278 394 312 Novios,
409 279 494 317 quod
513 287 620 307 eorum
636 277 846 307 feneratorum
869 276 1096 315 impudentiam
1113 285 1175 305 non
1190 281 1294 315 posset

33 324 206 356 sustinere:
277 341 281 344 <
303 344 315 350 -.

80 365 255 399 las-124.
277 363 348 406 [Ad
361 361 519 405 quartam]
537 369 674 393 nostram
690 362 754 393 fere
769 362 933 393 decimam.
957 364 965 379 ‘
977 363 1086 401 Usque
1101 363 1140 392 ad
1158 362 1237 392 hanc
1260 362 1294 392 in

35 410 148 443 lectulo
161 409 240 440 sum’
261 407 342 448 (ubi,
358 409 383 438 si
401 408 538 443 lubebat,
561 408 663 446 legere
685 407 802 445 aliquid
826 404 1091 446 poterat).—[aut
1113 404 1183 446 ego]
1207 407 1296 445 ‘post

36 459 177 494 qurum
190 457 246 484 sut
258 462 363 492 vagor,
384 451 451 481 sine
471 457 554 480 certo
570 450 697 480 consilio
714 450 797 479 solus
813 449 938 479 incedo'
956 448 1006 488 (ut
1022 460 1048 478 v.
1069 449 1139 484 112,
1158 449 1212 479 sed
1228 450 1258 480 h.
1273 449 1295 480 l.

37 496 128 531 tinne
153 502 224 527 ante
245 493 448 535 prandium);
471 495 546 524 ‘aut
569 494 594 524 si
617 494 674 523 hoc
700 503 761 523 non
784 493 896 532 placet,
923 493 1008 532 prius
1033 493 1102 531 lego
1125 493 1173 522 vel
1196 492 1297 523 scribo

35 539 175 580 aliquid3
197 546 262 569 tum
286 548 387 577 ungor
409 539 487 574 oleo,
511 537 574 576 pila
595 537 626 566 in
644 537 761 576 Campo
780 537 893 566 Martio
911 537 1044 572 lusurus,
1064 537 1177 566 deinde
1200 537 1297 572 lavor,

36 588 143 625 pstea
166 583 292 613 domum
318 582 412 611 redeo
436 581 476 611 ad
501 580 667 620 prandium
691 581 888 616 sumendum,
919 586 1073 619 postremo
1099 589 1155 618 per
1179 579 1298 619 aliquot

36 626 128 660 bras
142 626 221 656 otior
243 625 348 655 domi!
395 625 476 654 Tum
498 624 638 663 sequitur
658 623 779 662 reliqua
799 633 870 662 pars
886 623 947 653 diei
964 633 992 653 v.
1012 623 1074 653 112
1089 623 1299 662 descripta.—

37 667 231 711 [sraudatis]
257 669 335 699 Oleo
358 674 421 698 tam
435 667 488 697 vili
508 673 540 697 et
554 667 688 701 rancido.
705 673 739 696 ut
760 666 894 696 lucernis
910 666 1076 706 implendis
1092 667 1182 696 unice
1199 667 1299 696 inser-

35 713 102 744 vire
114 719 226 752 posset,
237 712 286 742 hic
301 722 333 742 se
346 708 673 750 ungebat.—[Nacta]
691 712 709 726 ⁸‘
723 711 817 740 Notat
829 710 956 740 Nattam
967 711 1123 749 quendam
1135 710 1296 740 tenacissi-

37 765 124 788 mum
139 762 170 786 et
181 754 462 786 sordidissimum.’'
483 755 592 784 Comm.
611 755 660 784 Cr.
707 754 854 784 Ceterum
872 754 987 783 Pinarii
1004 754 1107 784 Nattae
1130 759 1221 783 erant
1242 763 1298 793 pa-

37 798 118 831 trieii
133 809 170 830 ac
185 799 313 829 nobiles.
344 799 410 830 Cic.
428 798 466 827 de
481 797 550 827 Div.
564 799 594 834 2,
610 797 662 827 21.

83 841 154 873 126.
178 840 285 882 [fugio
308 842 450 881 Campum
472 842 625 881 lusumque
649 838 811 880 trigonem]
837 840 954 879 Trigon
970 850 988 870 a
1004 838 1177 881 τρίγωνος.
1199 850 1299 878 genus

37 885 111 926 pilae
126 885 274 922 minimae,
294 885 380 915 durae
403 891 434 914 et
456 884 546 913 firmo
569 884 632 924 pilo
652 883 757 919 fartae;
781 894 895 913 nomen
916 884 989 914 inde
1012 885 1151 921 ductum,
1175 885 1258 923 quod
1282 894 1301 914 a

39 929 138 960 tribus
153 929 331 958 ludentibus
341 929 516 966 jactabatur
531 934 562 957 et
578 927 704 966 quidem
721 927 764 957 ita
777 927 945 966 dispositis,
956 934 990 957 ut
1005 927 1152 966 trianguli
1169 927 1300 957 formam

40 973 206 1003 efficerent.
236 971 328 1002 Mart.
344 971 374 1008 7,
393 970 444 1008 72,
461 972 512 1001 Sic
522 972 658 1011 palmam
673 972 731 1001 tibi
745 971 782 1001 de
798 972 914 1010 trigone
928 972 1008 1001 nudo
1029 971 1134 1002 Unctoe
1149 972 1200 1001 det
1206 969 1301 1010 favor

40 1016 158 1049 arbiter
170 1025 294 1046 corona.

85 1057 262 1094 127—131.
280 1055 484 1098 [interpellet]
509 1059 518 1074 ⁶
530 1057 703 1098 prohibeat,
720 1067 782 1087 non
798 1057 1042 1096 simul—[diem
1053 1055 1183 1098 durare]
1203 1067 1301 1097 usque

40 1101 82 1134 nd
94 1099 448 1144 eoenam.—[Quaestor]
473 1102 626 1140 Pei-quam
650 1102 725 1131 scite
749 1110 810 1131 non
833 1109 983 1131 memorat
1000 1101 1059 1130 nisi
1075 1101 1218 1131 infimum
1234 1111 1302 1132 ma·

38 1144 216 1185 gistratum,
239 1154 301 1184 quo
324 1144 462 1175 sexcenti
484 1145 537 1174 alii
560 1154 721 1183 nunquam
744 1144 776 1174 in
801 1145 955 1174 honorum
978 1155 1070 1174 cursu
1090 1145 1212 1183 longius
1228 1155 1301 1184 pro-

39 1187 135 1228 gressi
158 1187 256 1218 functi
279 1193 367 1218 erant
387 1197 488 1227 neque
504 1189 570 1227 ejus
585 1198 643 1228 ope
658 1188 736 1218 filiis·
745 1188 972 1227 nepotibusque
988 1189 1086 1218 ullum
1102 1189 1301 1227 splendorem

39 1237 235 1271 pepererant,
251 1230 310 1262 etsi
328 1231 413 1270 ipsis,
436 1237 542 1271 utpote
565 1231 744 1261 hominibus
759 1232 856 1268 novis,
873 1232 982 1261 honori
999 1232 1110 1261 suerat.
1155 1231 1301 1262 Ridicule

41 1280 149 1305 eontra
169 1284 317 1314 arrogans
338 1274 458 1312 fuisset,
481 1275 507 1305 si
530 1281 694 1314 praetorem
714 1275 762 1305 vel
785 1276 863 1306 adeo
886 1275 1046 1306 consulem
1069 1284 1126 1315 pro
1148 1280 1302 1314 quaestore

39 1317 204 1359 posuisset.

546 1404 709 1436 SATIRA
726 1405 797 1437 Vll.

89 1491 228 1523 Ascua.
246 1491 363 1532 Lepide
378 1498 492 1529 narrat,
503 1493 657 1531 quomodo
671 1493 704 1522 P.
718 1493 863 1532 Rupilius
880 1493 949 1524 Rex
966 1503 1036 1523 cum
1051 1493 1154 1523 Persio
1167 1494 1303 1532 quodam

46 1534 252 1571 Clazomenis,
276 1535 382 1565 Ionica
405 1537 490 1572 urbe,
514 1546 617 1565 coram
643 1536 685 1565 M.
711 1537 808 1566 Bruto
831 1543 1018 1576 propraetore
1037 1537 1128 1572 Asiae,
1151 1538 1303 1568 acerrima

46 1578 244 1609 contentione
270 1579 410 1618 litigarit,
434 1579 579 1618 Rupilius
608 1579 736 1618 insuper
765 1581 970 1610 acerbissimis
996 1581 1152 1616 conviciis,
1181 1581 1304 1611 Persius

46 1621 195 1652 vilissima
211 1627 300 1652 utens
315 1632 389 1661 erga
406 1623 536 1652 Brutum
551 1623 740 1653 adulatione.
787 1624 927 1653 Tandem
946 1622 1068 1654 Persius
1084 1625 1162 1654 salse
1177 1625 1304 1663 aliquod

47 1664 164 1695 dictum
179 1665 212 1694 in
227 1666 437 1696 adversarium
454 1666 619 1705 expromit,
634 1667 716 1705 quod
733 1666 827 1696 totius
842 1667 1010 1697 historiolae
1022 1677 1151 1697 acumen
1168 1673 1199 1697 et
1215 1668 1304 1707 quasi

47 1708 217 1739 medullam
243 1709 390 1745 continet,
415 1719 443 1739 v.
467 1709 519 1746 33,
542 1719 627 1748 seqq.
651 1716 744 1748 atque
771 1711 1013 1740 narratiunculae
1036 1711 1129 1740 finem
1158 1711 1314 1750 imponit:

47 1751 128 1782 Zell.
183 1751 331 1782 Horatius
360 1753 503 1782 tribunus
528 1752 662 1782 militum
688 1754 766 1783 duce
794 1754 891 1783 Bruto
916 1755 982 1793 ipse
1008 1762 1081 1784 tunc
1107 1755 1304 1785 Clazomenis

49 1794 173 1824 videtur
200 1794 331 1833 degisse,
356 1802 450 1835 atque
476 1804 588 1826 anne.
619 1796 683 1832 713
712 1797 845 1836 primam
874 1798 954 1828 hanc
982 1808 1108 1828 suarum
1137 1798 1304 1829 satirarum

47 1837 264 1877 composuisse.

95 1879 186 1911 1-3.
234 1879 345 1921 [Regis
373 1880 496 1922 Rupili]
528 1883 582 1913 ⁸P.
606 1883 752 1923 Rupilius
779 1885 848 1914 Rex
875 1885 1094 1921 Praenestinus,
1118 1895 1213 1924 eques
1237 1885 1304 1915 Ro-

50 1932 170 1959 manus,
188 1932 220 1954 A.
236 1924 309 1959 702,
326 1925 471 1963 magister
484 1926 728 1964 publicanorum,
740 1928 793 1966 qui
810 1928 841 1957 in
855 1928 1006 1967 Bithynia
1021 1929 1182 1966 vectigalia
1198 1929 1304 1967 exige-

49 1968 136 2004 lnnt,
152 1966 254 1998 fuerat
269 1967 347 2006 (Cic.
363 1969 403 1998 ad
419 1969 504 1999 Fam.
523 1969 571 2005 13,
587 1971 618 2006 9,
634 1969 668 2010 2)
688 1976 719 2000 et
741 1977 846 2010 postea
868 1981 886 2001 a
909 1972 1026 2002 civibus
1050 1972 1248 2002 Praenestinis
1270 1972 1304 2002 in

50 2010 180 2044 exilium
196 2011 316 2047 missus,
332 2012 390 2041 sub
405 2012 438 2042 P.
453 2012 539 2043 Attio
550 2013 642 2049 Varo,
659 2022 691 2044 A.
706 2013 779 2050 707,
798 2014 830 2044 in
845 2014 953 2045 Africa
968 2015 1123 2055 stipendia
1138 2021 1304 2046 meruerat.

50 2053 91 2089 Α.
106 2053 179 2090 711,
194 2054 302 2084 Romae
314 2060 427 2093 praetor
438 2055 544 2092 factus,
557 2057 611 2086 sed
626 2067 644 2086 a
655 2057 824 2087 triumviris
835 2059 1004 2088 Octaviano
1014 2065 1138 2088 auctore
1151 2058 1304 2098 proscrip-

51 2102 112 2132 tm,
125 2097 165 2126 ad
183 2097 315 2128 Brutum
330 2098 419 2137 fugit,
435 2107 452 2128 a
467 2109 528 2137 quo
542 2099 575 2129 in
590 2100 738 2130 comitum
751 2101 908 2131 cohortem
926 2109 1066 2141 receptus
1079 2107 1134 2132 est.
1158 2101 1306 2132 Testibus

52 2139 231 2172 &helisetis
249 2141 380 2171 Horatio
395 2142 620 2180 ignobilitatem
639 2144 762 2182 generis
784 2155 865 2184 saepe
881 2145 1100 2184 exprobravit;
1123 2155 1216 2183 quam
1232 2155 1306 2176 con-

51 2183 216 2218 tumeliam
235 2185 357 2214 ulturus
379 2191 472 2224 poeta
493 2195 565 2216 eum
590 2186 648 2216 hac
671 2187 765 2217 satira
787 2188 892 2218 irrisit.
923 2186 1196 2229 Spalim—[pus]
1220 2199 1304 2219 mor-

53 2225 168 2258 indus
189 2233 222 2257 et
242 2228 460 2258 maledicentia
481 2228 604 2269 impura
621 2239 656 2259 ac
677 2231 834 2269 pestilens.
882 2232 962 2261 Nos:
983 2233 1086 2271 poison
1101 2233 1163 2262 and
1173 2233 1305 2273 gall.—

53 2265 232 2310 [Hybrida]
263 2271 511 2302 “Clazomenius
534 2273 618 2302 enim
643 2272 712 2309 fuit,
744 2282 830 2313 patre
856 2275 1002 2311 Asiatico,
1029 2282 1126 2305 matre
1150 2277 1304 2307 Romana.

53 2311 217 2345 Civitatem
240 2320 344 2345 tamen
366 2314 542 2346 Romanam
565 2315 750 2347 obtinuerat.
797 2318 880 2348 Eum
902 2318 997 2357 igitur
1013 2325 1047 2348 ut
1061 2320 1306 2350 semiromanum

54 2353 172 2390 &fidet
195 2357 374 2390 noradus?
413 2359 464 2398 Ex
487 2358 774 2402 SchoL—[lippis]
802 2361 923 2392 “Adeo
946 2361 990 2393 ait
1012 2362 1205 2402 divulgatum
1228 2372 1307 2399 esse,
