1390 2586
38 113 108 145 11⁸-
122 114 163 139 ιι.
177 103 227 148 4]
476 104 851 136 INTERPRETATIO.
1215 104 1295 147 165

40 207 104 239 eise
117 207 246 244 dictum,
263 216 320 248 pro
338 215 376 236 eo
394 206 478 245 quod
494 211 558 236 est:
584 206 720 236 ‘malum
743 206 817 235 dare
836 205 940 244 palato
964 205 1041 235 dure
1061 206 1295 244 responsando.'

41 250 148 285 Quum
158 250 303 282 tamenin
314 260 341 280 v.
353 259 526 289 responsare
539 248 662 290 (aspere
678 259 714 279 ac
729 249 873 279 ferociter
884 249 1084 288 respondere,
1099 250 1255 279 adversari
1268 256 1299 279 et

0 309 1 323 ι
40 292 203 334 reluctari)
216 303 273 334 per
285 303 319 324 se
327 293 408 323 'insit
422 293 512 322 malae
528 293 730 323 contumaciae
744 293 840 329 notio,
857 293 961 329 babet,
976 302 1037 331 quo
1052 302 1085 322 se
1100 293 1300 323 commendet

41 337 178 368 Jaoebsii
201 336 376 367 distinctio:
411 336 461 366 Ne
483 337 612 376 gallina,
639 337 772 366 malum!
795 346 821 366 r.
846 337 875 366 d.
899 347 940 375 p„
962 342 996 365 ut
1019 346 1046 365 v.
1070 336 1121 371 82,
1138 337 1296 376 flagitium

40 380 170 420 ingen!
191 380 272 420 Epp.
288 380 318 415 8,
333 379 363 415 6,
380 380 430 416 22,
448 381 630 419 indignum!
640 396 685 400 —
701 378 832 418 [Doctus
846 377 922 419 eris]
940 380 1080 414 verbum,
1099 389 1163 408 non
1184 380 1296 419 adject.

41 423 230 461 ‘Docebere,
244 423 370 453 docetor
385 433 403 452 a
415 423 486 452 me.’
498 439 541 444 —
555 420 682 463 [musto]
698 423 839 452 Mustum
854 422 944 452 dulce
958 424 1182 453 conservabant
1196 433 1296 462 usque

40 465 219 503 insanum,
241 466 285 496 ita
306 471 342 496 ut
363 466 473 506 quovis
494 476 603 496 mense
626 471 738 505 praesto
761 471 841 496 esset
863 475 971 505 coquo.
997 465 1087 502 Cato,
1112 466 1150 496 R.
1166 467 1206 496 R.
1224 466 1295 497 120.

40 507 162 540 Colum.
180 508 229 545 12,
243 510 294 541 29.

67 551 135 589 ²20,
150 551 200 582 21.
225 550 458 592 [Pratensibus]
477 553 522 582 Ac
545 561 618 582 sane
639 552 810 582 morchella
831 552 942 588 edulis‚
962 552 1103 591 agaricus
1119 552 1294 590 deliciosus,

38 593 227 636 beoperdon
243 597 335 626 tuber
351 595 382 625 in
399 596 506 635 pratis,
523 601 631 626 contra
645 596 884 626 nocentissimus
899 596 951 625 ille
966 596 1107 634 agaricus
1123 597 1296 626 muscarius

38 637 75 671 h
93 638 178 670 silvis
199 639 330 678 aliisque
351 639 425 669 locis
445 639 549 678 opacis
570 639 733 678 reperitur.
750 655 793 661 —
811 636 915 679 [aliis]
933 639 965 669 in
981 639 1066 669 silvis
1082 649 1118 668 ac
1130 640 1296 678 paludibus

36 681 130 712 tatia.
173 682 304 713 Inutiles
317 688 406 712 vocat
421 683 530 712 Celsus
545 683 575 719 5,
592 682 643 719 27,
658 681 707 712 12.

46 735 57 754 t
82 725 136 761 22,
156 725 206 756 23.
233 723 400 766 [prandia]
428 726 554 765 Proprie
579 726 694 765 accipe,
719 735 782 756 non
808 726 848 755 de
870 725 1046 764 gustatione
1073 725 1164 755 initio
1189 735 1296 756 coenae.

38 766 183 808 -[ante
202 767 342 810 gravem]
360 771 469 799 ‘mane
491 769 598 808 igitur,
620 778 659 798 ne
683 769 775 798 nimis
795 779 813 798 a
833 770 898 799 sole
913 775 999 799 cocta
1014 774 1124 798 aestum
1139 776 1297 806 moveant,

38 811 95 845 §ed
109 812 212 851 potius
227 812 422 843 stomachum
437 812 602 842 salubriter
616 812 822 851 refrigerent!

81 855 220 891 24—27.
238 853 408 896 [Aufidius]
428 856 540 886 Utrum
556 856 596 885 sit
612 856 655 886 M.
674 856 819 893 Aufidius
836 855 947 892 Lurco,
958 855 1011 894 qui
1027 855 1145 894 primus
1160 865 1297 894 pavones

38 898 182 937 saginare
206 899 343 929 instituit
358 897 453 938 (Plin.
474 899 514 929 H.
536 899 575 929 N.
602 899 651 935 10,
674 899 726 935 20,
749 899 806 939 23)
830 909 938 935 necne,
962 899 1051 928 nobis
1075 908 1186 938 parum
1212 909 1296 929 com-

38 947 164 982 pertum
180 947 236 973 est.
246 959 291 965 —
303 941 407 983 [mella
418 940 564 982 Falerno]
581 942 735 981 Loquitur
746 943 784 972 de
797 942 996 982 promulside.
1042 942 1161 972 Plinius
1178 943 1229 979 22,
1245 943 1297 980 53,

40 985 164 1026 Semper
177 987 302 1016 mulsum
316 996 352 1016 ex
366 990 464 1016 vetere
478 987 546 1016 vino
561 987 753 1016 utilissimum
767 984 976 1026 facillimeque
991 996 1056 1016 cum
1070 987 1155 1016 melle
1177 996 1298 1016 concor-

35 1033 176 1069 poratur,
190 1030 270 1069 quod
289 1030 320 1060 in
342 1030 424 1059 dulci
446 1039 596 1069 nunquam
611 1031 719 1059 evenit.
734 1046 778 1051 —
795 1027 1053 1069 [vacuis—venis]
1078 1039 1174 1058 coenae
1197 1030 1299 1060 initio.

38 1087 84 1095 —
99 1069 302 1112 [praecordia]
318 1073 478 1109 intestina,
502 1073 534 1102 in
559 1073 667 1111 primis
682 1073 901 1103 ventriculum.
941 1073 1041 1111 Epod.
1057 1072 1088 1109 3,
1105 1074 1134 1102 5.
1150 1089 1194 1094 --
1211 1071 1298 1113 [pro-

38 1113 149 1155 lueris]
167 1116 228 1146 Sat.
247 1115 274 1152 l,
291 1117 323 1151 5,
342 1115 391 1153 16,
407 1116 510 1146 Multa
523 1117 660 1155 prolutus
673 1118 783 1156 vappa.

51 1175 52 1178 =
82 1157 218 1190 28—30.
245 1156 410 1199 [Mitulus]
427 1159 543 1189 Athen.
566 1159 597 1195 3,
613 1170 644 1198 p.
660 1159 712 1195 83,
730 1160 777 1196 E.‚
793 1158 860 1196 τὴν
875 1157 1126 1195 τελλίναν-ἣν
1141 1156 1300 1200 Ῥωμαῖοι

38 1199 190 1242 μίτλον
211 1200 422 1242 ὀνομάζουσι,
438 1203 590 1232 conchula
604 1204 774 1233 esculenta.
818 1204 927 1233 Celsus
944 1204 973 1237 2,
989 1204 1042 1236 29,
1061 1204 1169 1233 Alvum
1184 1208 1300 1234 movent

38 1246 359 1282 -eoclzleae--ostrea‚
372 1247 528 1285 pelorides,
547 1247 654 1282 echini,
667 1247 793 1277 musculi
807 1250 837 1276 et
848 1257 945 1276 omnes
951 1244 1022 1286 se're
1038 1247 1186 1276 conchulae
1200 1249 1298 1277 maxi-

39 1297 142 1328 meque
157 1287 215 1328 jus
237 1299 349 1319 earum.
364 1305 409 1310 —-
425 1286 574 1328 [lapathi]
600 1290 737 1326 rumicis,
761 1291 865 1320 sorrel.
879 1306 922 1310 —
937 1288 1050 1329 [brevis
1079 1288 1188 1329 herba]
1216 1292 1224 1306 ⁴
1237 1290 1298 1320 hu-

38 1331 203 1361 milis.’—
218 1329 311 1372 [Coo]
338 1332 442 1362 Etiam
466 1333 574 1362 Celsus
597 1333 617 1362 l.
641 1333 661 1362 l.
685 1334 726 1363 ad
750 1333 855 1362 alvum
883 1334 1071 1363 movendam
1101 1335 1300 1364 commendat

39 1375 140 1405 §baum
165 1376 251 1406 dulce
273 1375 321 1406 vel
343 1376 464 1405 salsum.
499 1375 580 1405 Plin.
608 1375 657 1410 14,
683 1375 732 1411 10,
756 1377 809 1406 Coi
832 1378 979 1406 marinam
1005 1387 1113 1416 aquam
1139 1378 1300 1416 largiorem

39 1419 164 1448 miscent
179 1417 282 1458 (vino)
293 1419 434 1459 :-idque
451 1420 630 1449 translatum
642 1421 673 1449 in
684 1420 786 1449 album
797 1424 923 1449 mustum
940 1421 1103 1450 leucocoum
1116 1421 1297 1459 appellatur.

37 1474 84 1490 ·.-
94 1458 264 1501 [Lubrica]
282 1462 426 1500 Intellige
442 1462 481 1491 de
493 1472 583 1492 succo
593 1467 623 1492 et
635 1463 740 1502 pulpa.
750 1479 792 1484 —
805 1461 993 1503 [nascentes]
1009 1465 1017 1478 ⁴
1032 1463 1122 1492 Luna
1137 1465 1298 1494 crescens!

41 1503 120 1535 Plin.
145 1506 175 1542 2,
197 1505 248 1541 41,
271 1506 390 1536 Lunari
409 1510 560 1544 potestate
583 1511 744 1536 ostreorum
770 1507 1045 1546 conchyliorumque
1068 1511 1096 1536 et
1123 1509 1300 1538 concharum

39 1549 169 1579 ominium
183 1558 307 1588 corpora
322 1550 429 1589 augeri
443 1559 480 1579 ae
493 1559 599 1579 rursus
614 1550 936 1589 minui—exquisivere
952 1551 1168 1589 diligentiores.

81 1590 219 1622 32-34.
245 1590 406 1632 [Circeiis]
428 1592 543 1631 oppido
570 1598 602 1622 et
625 1594 838 1632 promontorio
859 1589 951 1623 Latii.
978 1594 1057 1623 Plin.
1077 1593 1128 1629 32,
1153 1593 1204 1630 21,
1230 1594 1300 1624 Οἰν-

39 1634 204 1665 offensibus
218 1637 325 1666 ostreis
339 1645 432 1676 neque
448 1637 586 1666 dulciora
600 1646 694 1675 neque
711 1638 862 1667 teneriora
886 1647 948 1667 esse
968 1637 1031 1666 ulla
1051 1642 1230 1676 compertum
1245 1641 1300 1669 est.

38 1675 246 1718 --[Misen0]
273 1679 388 1728 oppido
412 1684 443 1708 et
463 1680 675 1718 promontorio
699 1680 891 1719 Campaniae.
908 1696 951 1701 —
964 1678 1117 1720 [patulis]
1144 1678 1301 1711 ἀναπτύ-

39 1729 125 1761 χοις,
150 1722 240 1760 ‘quoe
262 1721 352 1752 facile
375 1721 506 1752 conchas
527 1724 672 1761 aperiunt
696 1728 728 1753 et
750 1723 920 1753 claudunt!
936 1739 979 1745 —
993 1723 1095 1761 [molle
1118 1724 1299 1764 Tarentum]

40 1763 107 1794 crr.
123 1764 203 1804 Epp.
221 1764 248 1800 1,
261 1763 295 1802 7,
310 1765 362 1802 45,
377 1766 494 1796 imbelle
512 1765 682 1796 Tarentum.

7 1808 12 1810 ’
83 1806 220 1838 35-39.
237 1805 338 1847 [Nec]
355 1815 391 1838 ut
401 1808 560 1838 interdum
571 1809 665 1839 etiam
680 1809 714 1839 in
726 1810 819 1848 prosa
833 1819 877 1840 or.
894 1820 950 1849 pro
964 1820 1018 1841 nec
1029 1821 1106 1846 vero,
1122 1821 1175 1841 nec
1190 1815 1299 1842 tamen.

38 1863 83 1872 —
99 1848 240 1890 [exactet]
257 1853 265 1867 ‘
277 1851 458 1890 explorata'
491 1852 576 1891 Virg.
594 1853 667 1882 AEn.
685 1852 714 1888 1,
729 1852 803 1888 309,
825 1855 969 1894 sociisque
991 1858 1098 1884 exacta
1119 1852 1243 1894 referre.
1257 1871 1300 1877 -

30 1889 159 1934 [tenus]
188 1894 270 1924 Pers.
296 1894 328 1930 6,
355 1895 406 1931 24,
429 1899 544 1925 tenuem
568 1897 725 1926 turdarum
750 1907 834 1927 nosse
857 1899 991 1927 salivam.
1007 1914 1050 1919 --
1067 1896 1235 1937 [avertere]
1261 1899 1301 1928 ‘a

26 1938 150 1969 mensa
178 1937 344 1976 piscatoria
373 1938 545 1968 carissimos
571 1948 711 1978 quosque
739 1939 838 1978 pisces
866 1941 977 1980 cupide
1006 1946 1038 1970 et
1065 1941 1174 1979 quovis
1199 1941 1301 1979 pretio

20 1966 163 2020 ¹&nferre
178 1987 272 2019 atque
287 1980 429 2011 celeriter
450 1981 520 2011 aliis
540 1982 707 2021 praeripere
723 1983 935 2021 emptoribus.’
952 2000 995 2005 —
1016 1983 1176 2024 [Ignarum
1192 1986 1301 2024 quibus

22 2021 26 2027 “
43 2027 46 2030 ’
87 2021 262 2064 ]‘semper
282 2024 314 2053 in
337 2024 481 2054 omnibus
508 2025 656 2055 conviviis
670 2025 688 2060 ;’
711 2026 785 2056 hinc
809 2026 1006 2056 indicativus.
1023 2043 1066 2048 —
1083 2025 1158 2066 [jus
1180 2026 1299 2068 aptius]

25 2080 26 2083 ¹
102 2066 113 2097 i
136 2067 211 2097 elixi
233 2067 411 2106 apponendi
430 2068 524 2104 sunt‚’
541 2078 618 2107 quos
637 2070 806 2108 patinarias
820 2076 908 2100 vocat
931 2070 1030 2100 Plaut.
1050 2070 1135 2100 Asin.
1156 2070 1184 2107 1,
1200 2071 1230 2107 3,
1246 2071 1299 2102 28.

15 2118 26 2145 'r
36 2111 49 2150 ι’
98 2108 222 2151 [quibus
252 2108 345 2150 assis]
376 2111 482 2150 danim,
506 2121 570 2141 non
599 2112 690 2141 ablat.
703 2128 748 2133 —
763 2111 1142 2153 [Languidus—reponet]
1178 2115 1186 2130 ‘
1203 2124 1300 2154 prope

25 2151 127 2187 *mr
147 2153 301 2183 suavitate
324 2154 514 2184 condimenti
535 2154 576 2184 ad
595 2155 753 2185 edendum
768 2157 983 2186 revocabitur.’
1011 2157 1118 2186 Comm.
1138 2157 1190 2187 Cr.
1234 2158 1298 2188 Cu-

27 2191 107 2232 ῖ-’Νῦο
115 2197 242 2227 ninistro
256 2196 358 2226 innixi
375 2202 405 2227 et
420 2197 561 2236 paullum
581 2207 613 2227 se
628 2199 816 2233 attollentes.
833 2210 930 2238 quum
946 2201 1160 2238 comedebant,
1181 2201 1214 2231 in
1230 2206 1299 2232 toro

26 2238 277 2279 'fflffulciebann
300 2241 395 2270 saturi
412 2240 445 2269 in
461 2241 591 2270 cervical
606 2250 639 2270 se
654 2241 855 2272 reclinabant.
1191 2248 1194 2252 ’

31 2319 33 2322 Ι
54 2281 137 2321 un,
152 2282 202 2314 42.
229 2281 377 2324 [Curvae]
402 2284 482 2314 Catii
506 2284 602 2322 igitur
625 2284 771 2323 magister
788 2286 972 2324 praeferebat
994 2296 1084 2325 apros
1106 2286 1139 2316 in
1154 2285 1298 2326 Umbria,

31 2326 41 2343 ⁷*
159 2335 178 2357 e
193 2326 228 2357 in
243 2327 425 2367 Appennini
447 2327 576 2358 saltibus
597 2327 676 2358 ilicis
698 2328 863 2367 glandibus
880 2335 982 2369 pastos
1003 2330 1074 2367 illis,
1091 2331 1144 2370 qui
1158 2331 1191 2361 in
1207 2332 1298 2370 palu-
