1390 2586
54 99 136 126 ma.
152 98 191 124 n.
204 89 254 133 8.]
502 85 883 119 INTERPRETATIO.
1249 85 1330 126 155

69 193 209 226 aivum·
235 199 308 223 saue
329 190 368 220 ab
391 199 439 227 eo,
461 199 556 228 quem
577 193 730 218 memorat
753 187 813 218 Sal.
839 187 906 217 eat.
930 185 980 217 40.
994 202 1036 208 —
1049 183 1144 226 [nulli
1163 184 1322 227 proprius]

68 237 152 269 Gom
166 236 197 266 vi
210 233 322 275 repetit
335 234 439 263 vocab.
455 243 484 262 v.
503 232 574 263 129.
620 235 628 248 ‘
641 232 679 261 In
703 231 927 270 sempiternum
950 230 1064 259 nullius
1086 231 1143 259 erit
1159 230 1322 269 proprius!

69 274 254 322 ...wo-ue]
277 279 469 308 ‘constantes
484 282 578 315 atque
592 274 731 305 strenui)
768 274 901 313 Egregie
917 273 1028 313 repetit
1045 274 1148 303 statim
1165 283 1193 303 v.
1200 271 1301 313 sortia
1310 285 1323 308 ,-

70 323 191 355 Martia
208 322 248 352 de
269 320 402 361 pacificis
425 320 541 350 colonis
563 328 658 358 prope
681 318 846 347 ridiculum
867 317 984 347 fuisset.
1030 317 1078 346 Ad
1099 323 1197 346 totum
1222 311 1324 346 locum

68 366 126 398 dr.
146 365 274 398 Anthol.
302 364 364 394 Pal.
387 363 418 394 ii.
443 362 494 398 27,
515 360 637 402 Ἀγρὸς
657 357 891 402 Ἀχαιμενίὸου
913 360 1061 401 γενόμην
1086 359 1176 397 ποτ-ὲ,
1203 360 1268 391 νῦν
1291 357 1324 390 δὲ

70 407 261 441 autnon·
278 406 346 438 Καὶ
362 405 468 437 πάλιν
483 405 516 440 ἐξ
531 403 641 446 ἐτέρου
655 402 807 444 βήσομαι
822 402 866 440 εἰς
880 401 1001 445 ἕτερον.
1040 402 1107 434 Καὶ
1122 403 1186 445 γὰρ
1200 402 1326 440 ἐκεῖνος

70 451 162 527 m
179 448 218 492 μέ
242 449 317 481 ποτ’
340 447 432 491 ᾤετο,
454 448 510 480 καὶ
537 448 645 480 πάλιν
668 445 765 485 οὗτος
788 446 908 479 Οἷεται·
935 445 998 488 εἰμί
1022 445 1049 478 δ’
1071 445 1156 483 ὅλως
1178 444 1324 485 οὐδενὸς,

175 492 298 536 Τύχης.

553 622 714 653 SATIRA
738 622 801 653 111.

114 711 253 742 Annum.
279 711 355 742 Haec
383 709 478 741 satira
506 710 694 749 colloquium
724 709 863 740 continet
893 714 993 749 poetae
1023 719 1092 740 cum
1125 708 1326 748 Damasippo,

69 755 202 786 fidicula
225 755 363 792 homine,
388 754 441 793 qui
464 763 560 792 quum
583 763 638 793 per
660 760 866 783 mercaturam
889 762 955 782 rem
975 753 1157 783 familiarem
1181 763 1326 782 consum-

69 798 191 839 psisset,
203 799 282 828 nihil
292 799 359 837 jam
374 797 460 827 aliud
473 798 595 835 agebat,
609 807 703 836 quam
718 804 751 826 ut
763 797 865 827 Stoica
878 797 973 826 barba
988 802 1018 826 et
1033 797 1132 826 abolla
1145 796 1327 835 superbiens

69 841 331 873 circumforaneus
360 840 560 880 philosophus
589 840 704 879 ubique
729 846 820 870 sectae
851 850 915 870 suae
946 840 1093 870 formulas
1120 850 1138 870 a
1167 840 1326 876 Stertinio,

69 885 250 925 importuno
265 885 430 923 aretalogo‚
447 883 504 914 sibi
520 883 649 913 traditas
665 884 852 914 decantaret.
887 884 979 913 Hunc
994 884 1088 922 igitur
1103 884 1328 923 Damasippum

69 928 191 959 inducit
205 934 295 968 poeta
314 927 388 967 ipsis
411 927 625 957 Saturnalibus
648 927 680 956 in
697 926 801 957 villam
819 927 964 957 Sabinam
989 928 1160 956 irruentem
1183 933 1215 957 et
1238 937 1324 956 acer-

71 972 199 1002 bissimi
213 972 270 1002 sua
282 972 328 1001 vel
344 971 445 1011 potius
455 970 594 1000 Stertinii
609 970 750 1009 magistri
764 970 904 1000 oratione
917 976 1015 1000 totum
1029 981 1126 1009 genus
1142 971 1326 1007 humanum,

72 1015 183 1046 stoicis
197 1014 388 1054 sapientibus
402 1014 549 1053 exceptis,
566 1014 718 1050 stultitiae,
739 1020 832 1053 atque
848 1014 926 1044 adeo
942 1024 980 1044 ex
998 1015 1107 1044 stoicae
1124 1014 1328 1053 philosopbiae

69 1058 253 1095 udonibus,
269 1058 398 1087 insaniae
413 1064 606 1096 arguentem.
651 1057 723 1088 Zela
736 1068 774 1087 ex
793 1058 975 1096 Heindorfio.
1004 1057 1142 1097 (Scripta
1158 1067 1224 1087 esse
1241 1058 1327 1088 vide-

71 1106 123 1132 tur
138 1110 169 1132 Α.
187 1109 218 1132 υ.
235 1110 264 1131 c.
280 1100 352 1138 722,
368 1111 465 1140 quum
484 1101 632 1131 Horatius
649 1109 777 1131 xxxui.
792 1111 890 1131 annos
907 1108 997 1130 natus
1013 1103 1119 1139 esset.)

117 1145 146 1176 l.
171 1142 242 1185 [Sic
255 1155 326 1175 roro
340 1143 464 1185 scribis]
491 1144 696 1184 Damasippus
720 1145 855 1184 primum
878 1147 1044 1183 exprobrat
1064 1144 1192 1174 Horatio
1214 1144 1327 1174 intole-

69 1188 200 1219 rabilem
216 1188 459 1227 negligentiam3
482 1187 595 1218 deinde
611 1188 707 1223 brevi,
731 1188 785 1218 sed
799 1188 861 1218 acri
878 1187 1119 1227 interrogatione
1136 1188 1193 1227 ipsi
1210 1198 1328 1227 expen-

67 1231 210 1262 dendum
231 1231 388 1271 proponit,
409 1232 486 1271 quid
508 1231 581 1261 mali
604 1241 643 1261 ex
659 1231 714 1261 tali
729 1231 850 1262 desidia
866 1232 1017 1261 oriturum
1035 1233 1083 1262 sit.
1129 1231 1254 1271 Optime
1271 1232 1330 1261 sibi

70 1275 261 1314 respondent
277 1275 328 1304 Sic
347 1279 527 1311 mro—ut,
550 1284 648 1313 quum
670 1275 703 1304 in
725 1275 830 1305 media
852 1275 991 1306 clausula
1014 1285 1165 1315 perquam
1188 1276 1267 1305 dura
1289 1275 1331 1305 sit

71 1318 199 1348 omissio
213 1323 293 1357 part.
306 1320 390 1348 odeo.

117 1361 212 1392 2-4,
237 1358 478 1401 [Membranam]
503 1361 553 1390 ‘in
577 1370 670 1399 quam
693 1370 733 1391 ex
761 1362 880 1391 tabellis
906 1362 1002 1392 cereis
1025 1363 1072 1392 vel
1100 1362 1194 1391 etiam
1216 1362 1329 1402 palim-

73 1410 177 1445 psesto
200 1405 384 1435 transcribas
409 1405 522 1444 scripta
547 1401 858 1445 mal—[retexens]
885 1415 928 1444 pr.
955 1406 1069 1435 ‘telam
1097 1406 1273 1442 resolvens,’
1298 1406 1331 1436 id

73 1454 131 1484 est,
147 1450 234 1487 ‘quae
249 1448 352 1478 minus
366 1453 448 1478 recte
461 1447 618 1486 scripsisse
632 1447 688 1477 tibi
705 1448 828 1485 videris,
845 1449 952 1478 delens
967 1459 1002 1478 ac
1017 1450 1119 1478 denuo
1135 1449 1327 1479 elimans-’—

76 1489 217 1532 [Iratus]
241 1493 250 1507 ‘
263 1490 399 1521 Tibimet
414 1491 474 1530 ipsi
489 1501 682 1528 succensens,
707 1492 790 1531 quod
807 1492 898 1522 nimis
914 1493 1006 1531 genio
1021 1493 1196 1530 indulgens,
1222 1500 1331 1532 potans

73 1540 169 1574 atque
184 1534 216 1564 in
231 1534 316 1564 diem
331 1535 498 1571 dormiens,
521 1534 599 1564 nihil
619 1535 685 1574 jam
702 1545 867 1574 componas
887 1536 1026 1574 dignum,
1050 1537 1087 1565 de
1105 1546 1166 1575 quo
1190 1536 1331 1566 homines

73 1577 262 1618 loquantur!
297 1574 409 1618 (οὐδὲν
435 1574 539 1619 λόγου
566 1576 823 1619 ἅξιον).-[Αὸ
852 1577 942 1619 ipsis]
967 1581 1022 1609 Ab>
1044 1581 1116 1619 ipsis
1144 1580 1173 1609 S.
1202 1590 1264 1609 non
1286 1585 1334 1610 est

74 1621 168 1652 ‘inde
188 1623 227 1652 ab
249 1621 324 1661 ipsis
341 1622 384 1652 S!
405 1623 459 1651 sed
475 1621 599 1658 dicitur,
623 1627 657 1651 ut
667 1620 781 1662 fugere
795 1633 815 1652 α
830 1624 946 1662 patriti,
974 1625 1012 1653 ab
1034 1624 1125 1659 hoste,
1148 1633 1204 1662 pro
1217 1621 1331 1664 fugere

70 1666 217 1705 patriam,
239 1666 359 1696 hostem.
404 1665 498 1698 Quod
511 1671 616 1695 autem
634 1666 794 1696 Bentleius
815 1666 943 1705 quaerit,
960 1668 976 1682 ‘⁴
990 1667 1154 1699 Quomodo
1169 1669 1206 1696 ab
1223 1668 1332 1697 Satur-

75 1708 199 1738 nalibus
213 1708 320 1747 fugere
335 1709 461 1748 potuit?
487 1708 572 1747 quid,
589 1709 716 1745 malum,
732 1719 836 1739 nonne
854 1715 916 1739 tam
933 1709 997 1739 ruri
1014 1720 1108 1748 quam
1125 1710 1156 1739 in
1174 1712 1248 1740 urbe
1265 1712 1331 1741 dies

77 1751 322 1782 Saturnaliorum
349 1757 438 1781 erant
450 1752 474 1781 2’
498 1752 586 1782 facile
612 1751 758 1788 solvitur3
782 1752 858 1789 ruri,
884 1759 917 1783 ut
939 1754 1070 1790 volebat,
1096 1764 1252 1784 summum
1277 1764 1333 1794 per

72 1793 176 1824 *otium
192 1794 295 1825 vivere
309 1800 429 1834 poterat
445 1795 605 1832 Horatius,
627 1795 660 1825 in
677 1797 752 1826 urbe
769 1806 831 1826 non
847 1797 934 1834 item,
951 1797 1003 1826 ubi
1019 1797 1168 1827 conviviis
1183 1798 1332 1828 interesse

77 1837 220 1868 debebat.

120 1882 151 1912 5.
175 1877 423 1920 [Saturnalibus]
448 1881 632 1918 Saturnalia,
657 1878 796 1923 Κρόνια,
820 1883 1055 1913 celebrabantur
1071 1892 1101 1914 Α.
1119 1893 1150 1914 n.
1168 1892 1237 1914 xvt.
1263 1885 1334 1915 Kal.

76 1923 149 1954 «lan.
166 1924 266 1963 (xvn.
286 1924 328 1954 Μ.
347 1923 522 1963 Decembr.)
539 1934 637 1964 usque
652 1926 693 1955 ad
708 1934 777 1956 xw.
800 1926 868 1956 Kal.
886 1927 956 1957 Jan.
974 1927 1005 1956 in
1027 1928 1208 1957 memoriam
1225 1928 1332 1967 priscae

77 1966 240 1997 bominum
257 1967 338 2004 vitae,
361 1967 414 1997 ubi
429 1977 535 1998 omnes
550 1968 649 2005 liberi,
673 1979 780 1999 omnes
796 1968 878 2000 inter
892 1980 924 2000 se
940 1972 1074 2009 aequales
1091 1971 1232 2005 fuerant3
1257 1981 1331 2001 con-

76 2010 167 2040 tiuuo
182 2011 278 2049 igitur
292 2011 506 2050 epulabantur,
522 2011 679 2048 ludebant,
701 2013 783 2043 dona
795 2013 853 2043 sibi
868 2013 1000 2044 invicem
1018 2014 1192 2050 mittebant,
1214 2015 1334 2046 domini

71 2054 174 2086 servis
183 2054 246 2094 joci
261 2055 354 2084 causa
369 2055 559 2093 apparebant
573 2055 612 2084 ad
627 2065 811 2087 mensas.——
822 2053 978 2097 [Sobrius]
1004 2059 1011 2072 ⁴
1022 2058 1128 2089 Quum
1143 2058 1195 2096 qui
1212 2058 1243 2087 in
1257 2060 1333 2089 urbe

71 2097 188 2127 vivunt
207 2107 291 2127 nunc
309 2097 507 2127 luxurientur
521 2104 552 2127 et
570 2099 753 2138 plerumque
776 2101 854 2130 ebrii
878 2100 950 2137 sint,
977 2106 1011 2130 tu
1032 2101 1064 2130 in
1088 2101 1145 2130 hac
1166 2101 1333 2133 solitudine

71 2140 199 2171 §obrius
214 2150 344 2170 manens
360 2141 430 2177 dic,’
449 2141 504 2171 &c.

121 2184 237 2214 ss-lo.
263 2181 453 2224 [promissis]
477 2190 513 2214 ut
529 2183 568 2214 Α.
581 2184 614 2214 Ρ.
628 2184 679 2220 46,
690 2188 834 2224 promissi
848 2188 989 2216 carminis
1005 2191 1117 2217 auctor.
1127 2204 1170 2208 —
1182 2185 1257 2228 [Nil
1269 2188 1331 2230 est]

80 2226 190 2257 ‘Nihil
207 2228 320 2262 habes:
345 2227 459 2257 frustra
473 2238 492 2257 a
512 2234 542 2257 te
565 2234 778 2267 exspectamus
800 2231 906 2268 magni
929 2231 1047 2269 aliquid
1068 2237 1099 2260 et
1121 2232 1278 2270 praeclari!
1292 2250 1334 2255 --

59 2266 223 2311 [alumi]
247 2272 266 2287 ‘⁸
279 2271 391 2309 Arguit
405 2280 512 2301 eorum
527 2271 701 2308 stultitiam,
718 2271 772 2311 qui
793 2283 890 2312 quum
911 2274 1134 2304 sententiarum
1154 2281 1208 2305 aut
1223 2278 1333 2306 verbo-

81 2320 150 2344 κω
175 2314 281 2354 inopia
307 2320 467 2352 urgentur,
497 2315 530 2344 in
555 2314 736 2345 innocentes
760 2316 892 2355 parietes
916 2317 1004 2356 quasi
1029 2318 1131 2348 minus
1156 2320 1334 2350 commodos

63 2353 284 2389 emuntur?
331 2359 441 2389 Comm.
458 2355 767 2433 Cruq.-[lobp1rq;t]
792 2366 946 2399 quatenus
962 2366 1053 2400 poeta
1069 2371 1141 2392 eum
1157 2368 1334 2393 exsecratur
