1390 2586
1367 0 1390 48 12

147 107 226 150 166
573 108 943 139 INTERPRETA'rlo.
1277 109 1386 152 Bm,

141 208 229 237 dibus
259 207 453 237 Laurentinis
482 207 522 236 ad
549 216 632 236 mare
659 207 792 236 Tuscum
818 207 898 236 inter
925 207 1060 238 Ardeam
1090 212 1120 238 et
1147 208 1225 238 ostio
1251 208 1373 240 Tiberis

141 251 349 289 capiebantur,
375 250 445 287 quia
464 250 574 278 horum
598 259 666 278 caro
690 251 779 285 iners,
803 249 935 288 insipida
949 255 980 280 et
994 250 1079 281 fatua
1101 256 1190 280 esset.
1203 266 1246 272 —-
1261 249 1386 293 [ulvis]

142 293 188 322 De
213 293 259 322 his
286 293 368 329 Virg.
401 292 472 321 AEn.
495 291 542 328 10,
566 291 638 327 709,
661 290 1058 332 quem—Defendit—-palus
1085 293 1371 325 Laurentia—silva

139 336 250 365 Pastas
264 335 437 364 arundinea.
1382 351 1385 358 ‹

183 377 233 413 43,
250 378 299 406 44.
325 374 454 415 [Vinea]
472 378 480 392 ‘
491 377 617 414 Propter
632 375 773 405 foliorum
789 375 858 406 vitis
879 376 1116 407 amaritudinem
1130 386 1308 416 caprearum
1321 377 1373 409 hie

139 425 295 458 pastaruin
321 428 390 448 caro
415 428 476 447 non
498 427 618 456 semper
641 419 741 456 placet
761 419 879 456 palato;
908 420 1048 457 quocirca
1071 420 1245 458 quaerendae
1269 420 1373 458 potitm

140 471 256 500 capreae
272 462 303 490 in
319 462 444 490 saltibus
461 466 565 499 captae,
581 470 650 498 quae
663 469 790 498 gramen
805 470 839 490 ac
854 466 972 499 segetes
988 461 1212 500 depascuntur)
1226 477 1270 483 -
1285 459 1370 500 [sub-

141 502 249 542 mittit]
267 505 274 518 ‘
287 503 479 542 suppeditat!
490 519 532 523 —
543 501 720 541 [Fecundae]
739 503 902 540 Explicant
915 503 978 533 fere
994 505 1003 520 ‘
1013 503 1219 542 praegnantis,'
1234 504 1288 533 sed
1303 504 1373 536 sino

139 546 291 584 exemplo.
338 546 384 574 'l'u
401 545 521 583 proprie
535 545 638 584 accipe
659 555 712 583 pro
728 543 865 584 ἐπιθέτῳ
887 546 998 584 leporis
1011 552 1153 575 naturam
1167 545 1373 584 significante,-

140 594 246 627 utpote
262 598 329 626 quae
344 598 383 617 ex
399 594 536 616 veterum
551 593 643 625 atque
658 588 750 616 etiam
773 587 978 617 recentiorum
997 589 1215 618 nonnullorum
1230 589 1372 621 doctriufl'

139 630 317 669 super-fetet.
344 646 386 650 ——
413 628 558 668 [sapiens]
589 630 723 668 ‘peritus
749 628 991 670 γαστρονομίας
1018 631 1144 660 conviva
1167 640 1229 659 non
1254 634 1375 662 temere

139 674 223 702 aliud
246 673 355 711 leporis
378 672 507 701 frustum
530 672 631 710 seligit
653 672 710 701 nisi
733 682 828 701 armos
844 670 1036 710 (shouldehs),
1053 673 1166 711 quippe
1187 672 1239 710 qui
1261 673 1375 711 optim&

138 716 200 744 sint
215 715 350 754 saporis.’
395 715 497 743 Acron
518 719 549 743 et
566 714 627 744 Fea
648 715 804 753 explicant
826 715 982 745 ‘lumbos'
997 720 1103 744 contra
1117 715 1378 746 consuetudinem

140 758 291 787 Latinam.

181 799 313 829 51—56.
346 796 510 837 [Massica]
535 808 574 827 ex
597 798 776 837 Campania,
798 798 879 828 tertii
902 799 1018 829 ordinis
1041 799 1147 828 vinum
1171 803 1248 828 teste
1269 798 1374 830 Plinio

142 842 189 878 14,
205 843 234 878 8,
250 843 279 871 3.
295 858 337 862 —
350 839 476 880 [crassi]
494 841 599 879 ‘spissi
615 847 645 870 et
659 847 820 880 propterea
841 842 957 871 bibenti
979 842 1081 871 minus
1096 841 1195 880 grati-⁹
1207 857 1251 862 —
1265 839 1368 880 [tenu-

138 883 254 924 abitur]
274 885 350 913 Plin.
370 884 417 917 14,
433 884 483 919 27,
501 884 668 922 Campania
682 885 751 913 vina
765 884 946 913 nobilissima
967 886 1100 923 exposita
1113 885 1166 914 sub
1179 884 1227 913 dio
1241 885 1272 913 iu
1286 885 1373 914 cad&

138 928 290 957 verberari
314 927 384 962 sole,
408 927 488 962 lund,
515 927 617 961 imbre,
642 928 735 956 ventis
758 927 940 964 aptissimum
964 924 1243 965 videtum—[odor
1271 926 1371 957 nervil

137 967 288 1008 inimicus]
311 969 374 997 ‘vis
397 969 450 997 illa
472 968 533 997 vini
560 969 724 998 aromatica
745 965 911 1008 (bouquet),
935 974 1003 1007 quae
1032 969 1122 998 nimis
1148 969 1207 998 cito
1230 971 1373 1007 potorem}

137 1012 256 1041 ebrium
274 1011 394 1040 reddit!
440 1011 506 1040 Hoc
521 1011 615 1048 igitur
633 1011 724 1040 modo
741 1011 870 1040 Massica
883 1011 1079 1040 extenuanda
1091 1016 1173 1048 sunt,
1188 1011 1373 1048 neutiquam,

137 1059 180 1090 ut,
197 1064 291 1092 quum
307 1063 344 1082 ex
361 1053 449 1082 doliis
471 1054 502 1082 in
522 1054 612 1082 cados
634 1053 860 1088 diffunduntur,
881 1062 935 1091 per
953 1062 1072 1082 saccum
1088 1053 1204 1082 lineum
1219 1053 1373 1083 colentur:

101 1118 109 1124 .
135 1094 404 1135 —[Surrentina]
433 1096 623 1130 Surrentum,
648 1095 795 1133 oppidum
821 1095 997 1133 Campaniae
1025 1095 1058 1124 in
1086 1095 1155 1124 sinu
1181 1095 1370 1130 Puteolano,

137 1138 202 1168 haec
217 1138 330 1168 leviora
345 1142 433 1167 erant
448 1147 503 1166 nec
517 1137 606 1166 facile
619 1142 689 1166 ante
704 1147 821 1166 annum
833 1145 886 1166 XV.
901 1138 1126 1175 probabuntun
1144 1137 1219 1166 Plin.
1234 1136 1280 1172 14,
1294 1137 1323 1171 8,
1335 1137 1369 1174 3,

135 1182 188 1211 Ad
197 1182 315 1210 tertiam
328 1181 455 1219 palmam
465 1180 1094 1210 venere—Surremim—convalescentibus
1104 1180 1228 1208 maxime
1238 1180 1370 1217 probatq

129 1228 255 1262 propter
278 1224 450 1252 tenuitatem
473 1223 743 1261 salubritatemque.
758 1237 800 1243 —
816 1219 912 1260 [face
926 1219 1074 1260 Falerna]
1091 1226 1124 1250 ut
1138 1223 1203 1259 ejus
1226 1230 1370 1259 saporem

134 1267 296 1295 combibat.
319 1266 438 1294 Colum.
456 1265 503 1300 12,
519 1264 569 1299 30,
586 1265 620 1293 Si
634 1274 692 1303 qua
710 1265 779 1293 vina
800 1268 887 1294 erunt
907 1265 1030 1293 duriora
1049 1269 1103 1293 aut
1123 1266 1218 1293 minus
1239 1265 1370 1299 bonas-

133 1310 239 1338 sumito
252 1307 359 1347 faecem
374 1308 435 1337 vini
451 1308 559 1336 boniet
576 1316 670 1344 panes
683 1303 782 1344 facito
803 1310 832 1335 et
852 1307 883 1336 in
905 1307 964 1336 sole
985 1303 1128 1345 arefacito
1149 1309 1179 1336 et
1200 1307 1313 1345 coquito
1333 1307 1369 1336 in

133 1353 211 1389 igne,
231 1355 334 1389 postea
354 1351 440 1379 terito
463 1353 492 1379 et
509 1350 604 1387 pondo
619 1349 812 1387 quadrantem
826 1349 974 1387 amphoris
986 1349 1113 1388 singulis
1127 1345 1256 1387 infracto
1271 1352 1300 1378 et
1313 1349 1367 1378 ob-

134 1394 227 1423 linito.
244 1409 286 1414 —-
303 1390 434 1431 [limum]
451 1392 459 1407 ‘
476 1391 534 1420 Ubi
550 1391 609 1420 faex
630 1391 683 1419 illa
704 1391 813 1420 melius
828 1391 996 1420 reddiderit
1011 1392 1115 1420 vinum
1137 1390 1367 1424 Surrentinum,

133 1435 191 1464 hoc
213 1444 270 1464 ovo
290 1434 463 1464 columbino
486 1443 589 1462 rursus
613 1433 766 1469 defaecato,
786 1433 931 1471 quoniam
951 1433 1072 1463 vitellus
1092 1433 1234 1462 materies
1251 1433 1368 1462 alienas

133 1487 237 1507 secum
250 1478 288 1506 ad
305 1477 377 1506 dolii
393 1476 523 1505 fundum
540 1475 693 1505 devolvit!

175 1519 312 1549 58—62.
346 1516 493 1558 [squillis]
524 1527 598 1556 quas
623 1517 722 1547 Graeci
751 1514 886 1556 καρίδας
907 1516 1069 1546 nominant
1093 1521 1146 1545 aut
1169 1513 1366 1556 καμμάρους.

136 1563 244 1592 comm.
270 1562 319 1591 Cr.
346 1562 488 1599 Slarimps.
505 1577 546 1583 —
562 1557 709 1599 [cochlea]
730 1560 862 1588 Dioscor.
879 1559 909 1594 2,
927 1558 976 1593 ll,
991 1557 1128 1598 κοχλίας
1149 1557 1303 1598 χερσαῖος
1316 1557 1364 1588 εὐ-

133 1600 476 1644 στόμαχος-ἄριστος
491 1600 524 1632 δὲ
540 1599 557 1631 ὅ
573 1611 606 1632 τε
623 1601 658 1631 ἐν
674 1598 821 1641 Σαρδῶνι
835 1599 889 1630 καὶ
904 1597 1022 1641 Λιβύῃ.
1034 1616 1075 1622 -
1086 1598 1234 1640 [lactuca]
1247 1601 1366 1630 Rursus

133 1653 239 1676 contra
256 1648 464 1676 Romanorum
479 1645 730 1674 consuetudinem
746 1649 873 1682 pugnat,
890 1644 952 1680 quii
970 1643 1087 1672 lactuca
1106 1652 1176 1672 cum
1194 1649 1280 1672 aceto
1302 1652 1364 1672 οω-

133 1699 186 1718 nas
211 1689 405 1724 claudebant,
430 1693 463 1716 ut
488 1687 551 1715 vini
573 1687 634 1715 vim
656 1686 842 1724 frangerent.
891 1685 972 1722 Virg.
999 1685 1107 1715 Moret.
1135 1685 1187 1720 76,
1213 1686 1366 1724 Grataque

131 1732 271 1761 nobilium
287 1732 400 1769 requies
415 1731 530 1758 lactuca
545 1730 682 1767 ciborum.
698 1744 732 1749 —
747 1725 897 1767 [innatat]
915 1730 922 1743 ‘
933 1732 1122 1766 supernatat,
1143 1737 1205 1756 non
1227 1728 1365 1757 subsidet

131 1774 276 1803 stomacho
298 1774 371 1807 acri,
387 1771 549 1806 aestuanti‚’
565 1777 599 1800 ut
615 1772 739 1805 Seneca,
756 1771 812 1809 Ep.
829 1771 881 1806 95,
895 1771 991 1799 nivem
1009 1771 1125 1806 rodunt,
1143 1770 1280 1799 solatium
1302 1774 1362 1799 cto-

132 1817 228 1846 machi
241 1815 405 1845 astuantis.
415 1830 456 1834 —
469 1811 584 1852 [hillis]
595 1814 669 1843 mlta
683 1813 865 1842 diminutive
878 1812 959 1842 dicta
969 1813 1007 1842 ab
1023 1813 1101 1847 hira,
1114 1812 1198 1850 quod
1213 1817 1259 1841 est
1270 1811 1367 1842 intes-

131 1859 232 1888 tinum
250 1859 391 1896 jejunum
410 1855 576 1885 farciminis
597 1865 703 1894 genus.
718 1870 760 1876 —-
776 1852 959 1894 [immersus]
985 1854 1171 1891 ‘vellicatim
1193 1853 1364 1884 excitatus-⁹

134 1900 285 1939 Loquitur
300 1900 336 1928 de
353 1899 389 1928 iis
405 1899 484 1935 gulae
505 1898 713 1933 irritamentis,
737 1907 806 1935 quae
825 1897 986 1935 percellent
1008 1897 1195 1931 stomachum,
1211 1897 1272 1926 Sat.
1288 1897 1318 1932 2,
1333 1896 1365 1932 8,

131 1943 159 1974 9.
174 1959 217 1965 -
232 1939 348 1982 [malit]
363 1937 511 1979 βούλοιτ’
525 1936 578 1970 ἄν.
594 1956 637 1961 -
653 1937 841 1979 [immundis]
867 1945 902 1968 ut
924 1943 1012 1968 erant
1036 1939 1141 1968 Rome
1164 1939 1230 1968 haec
1249 1938 1364 1968 infim-

130 1985 298 2024 plebeculae
312 1983 510 2022 receptacula.
536 1983 613 2020 Epp.
633 1982 659 2017 l,
682 1982 729 2017 14,
745 1981 795 2017 21,
811 1985 900 2011 uncta
911 1982 1031 2020 popina.
1058 1981 1149 2010 Mart.
1163 1980 1195 2016 7,
1208 1980 1259 2016 60,
1274 1982 1364 2020 nigra

129 2029 247 2066 popina.
263 2043 306 2048 —
323 2023 474 2066 [servent]
503 2026 511 2040 ⁴
525 2025 612 2054 Tunc
639 2022 735 2062 (quod
763 2024 837 2053 alias
861 2024 912 2052 vix
937 2022 1050 2052 faceret
1072 2023 1262 2052 immundam
1283 2032 1362 2060 prae-

130 2070 321 2108 parationem
344 2065 519 2105 nauseans),
541 2067 659 2105 appetit
679 2066 807 2095 conviva
821 2065 880 2095 vile
895 2065 1020 2104 aliquod
1034 2065 1194 2100 ferculum,
1210 2065 1264 2094 sed
1283 2065 1362 2094 bene

130 2113 303 2151 piperatum
327 2110 501 2148 salsumque
523 2116 554 2138 et
576 2109 707 2144 fumans,
723 2107 827 2146 qualia
840 2107 952 2146 plebeii
976 2107 1033 2136 sibi
1057 2117 1096 2137 ex
1118 2107 1238 2146 popinis
1259 2107 1361 2137 afferri

124 2154 259 2192 jubent.’
305 2153 354 2182 Sic
376 2162 498 2191 prorsus
521 2151 649 2180 faciebat
674 2151 826 2186 Vitellius,
852 2151 936 2179 Suet.
958 2149 1017 2179 vit.
1046 2149 1096 2185 13,
1121 2150 1231 2179 ne—iu
1256 2150 1362 2180 itinero
1387 2185 1390 2188 Α

129 2197 245 2236 quidem
266 2197 325 2226 ullo
349 2196 530 2234 temperavit,
554 2194 820 2233 quin—manderet
840 2194 921 2222 cirea
936 2193 1051 2222 viarum
1069 2193 1194 2230 popinas
1206 2188 1360 2230 fumantia

166 2249 256 2269 soma.

129 2249 305 2312 ⁰p63-66.
341 2278 483 2319 [duplicis
507 2275 607 2318 juris]
637 2278 786 2307 ‘duorum
806 2276 935 2316 jurium,
955 2274 1102 2315 simplicis
1124 2280 1156 2305 et
1180 2275 1359 2314 compositi)
1388 2292 1390 2295 ⁴
