1390 2586
112 129 121 144 -ι
132 134 134 137 >
144 111 329 155 mannas]
527 111 906 150 INTERPRETATIQ
1275 111 1363 154 289

63 216 216 253 '‘''mneffi
239 216 294 256 qui
310 225 429 246 annum
443 214 543 244 aetatis
558 223 636 245 xnv.
651 213 768 253 egressi
789 218 890 249 erant,
911 211 1070 242 seniorum
1093 212 1242 242 centuriis
1258 213 1362 243 adnu-

72 261 307 292 'morabantun
355 259 442 288 ‘Viri
467 260 533 298 Jam
560 258 676 288 maturi
705 257 868 296 exagitant
896 261 928 285 et
951 256 1188 295 reprehendunt
1218 264 1365 295 poemata

18 323 19 326 =
49 299 55 337 Ῐ,
73 303 191 335 sthimia
208 305 316 344 jocosa
339 307 372 332 et
395 312 506 342 parum
533 301 743 336 sententiosa;
767 306 875 330 contra
890 300 1040 334 Ramnes,
1067 299 1188 338 equites
1210 301 1364 338 juniores,

59 353 161 378 <saon
179 347 248 378 sine
267 346 403 386 quodam
427 345 509 375 fastu
534 350 629 383 atque
653 344 834 382 arrogantia
855 353 911 383 per
933 343 1084 382 populum
1110 343 1302 379 incedentes,
1329 350 1364 374 ut

2 419 9 422 .
48 391 56 422 ζ’
93 389 215 421 ficiunt
232 391 366 430 juvenes
390 394 422 418 et
438 388 533 418 validi
559 394 590 418 et
611 388 792 427 locupletes,
817 393 970 426 spernunt
995 391 1140 425 poemata
1164 387 1257 416 nimis
1283 388 1365 417 seria

0 427 10 430 μ
47 453 52 460 ⁴-
94 433 247 473 nulloque
271 430 460 475 φαντασίας
480 437 593 461 ornatu
616 441 650 461 se
675 429 949 461 commendantia.'
995 430 1058 462 Qui
1080 431 1213 460 Ramnes
1237 431 1364 470 proprie

39 472 47 492 .'
96 476 172 507 dicti
197 486 236 506 ex
262 476 419 506 communi
443 475 590 514 opinione
612 474 741 511 fuerint,
767 475 850 504 disce
871 484 910 503 ex
929 473 1018 503 Livio
1038 472 1064 509 1,
1083 472 1132 503 13.
1178 473 1230 503 Ad
1247 484 1275 504 v.
1292 475 1366 505 celsi

97 520 152 551 cfr.
169 519 234 550 Cic.
251 520 290 549 de
308 521 360 550 Or.
379 519 406 554 l,
421 518 474 555 40,
490 519 568 548 Haec
583 520 769 558 ignorantem
786 522 916 548 erectum
932 521 962 547 et
977 517 1239 556 celsum—vagari
1253 519 1364 558 magud

43 581 45 584 ⁴
96 573 164 594 oum
177 565 300 594 caterva
317 567 376 594 toto
381 560 465 602 foro,
483 562 534 603 ᾅσ.
545 560 712 601 --[Omne
729 562 800 591 tum
811 558 974 600 punctum]
994 559 1125 590 Anthol.
1145 561 1212 591 Lat.
1229 561 1363 601 Meyeri,

39 638 41 643 ,
97 616 130 639 11.
145 605 220 643 780,
242 607 464 646 suffragiorum
483 610 599 645 puncta
618 615 675 635 non
701 606 771 635 tulit
791 609 911 644 septem.
936 604 971 633 V.
989 604 1027 633 ad
1045 605 1107 633 Sat.
1125 604 1154 639 2,
1171 605 1201 639 2,
1218 605 1270 635 50.
1309 605 1366 635 Est

96 649 206 690 igitur,
232 651 372 680 ‘Omnes
397 659 469 678 eum
495 649 639 678 laudibus
665 648 843 678 celebrant)
866 644 1048 687 —[Sosiis]
1074 647 1136 677 Cfr.
1156 647 1238 686 Epp.
1263 648 1290 684 l,
1313 649 1365 684 20,

38 707 42 721 1
98 693 129 724 2.
145 695 155 711 ‘
166 693 351 732 Bibliopolis
367 693 523 731 insignem
541 697 695 731 quaestum
712 692 803 721 affert
817 701 928 730 poema
944 691 1134 720 bonum.’—
1148 689 1246 730 [mare
1262 696 1364 722 trans-

97 734 142 777 ie]
165 736 228 767 Cfr.
246 737 329 776 Epp.
347 736 375 773 l,
390 735 445 772 20,
461 735 510 765 13.
530 751 574 756 —
587 733 723 775 [longum
741 739 887 775 prorogat
902 731 1015 774 oevum]
1042 735 1050 750 ‘
1061 741 1218 773 prorogat,
1245 741 1280 765 ut
1295 736 1364 765 lon-

142 789 175 810 m
190 780 266 810 fiat?

97 789 324 859 ⁸u347—352.
350 820 444 862 [Sunt
459 819 588 862 delicta]
607 821 770 860 Proposita
781 821 1034 850 excellentissimi
1050 821 1203 859 poematis
1217 821 1366 861 imagine,

99 867 183 906 quod
215 867 397 905 scriptorem
428 866 636 896 immortalem
666 865 787 900 reddat,
821 875 972 905 perquam
1000 865 1142 904 apposite
1172 865 1216 894 ita
1244 866 1364 904 pergit:

101 910 294 950 ‘Nunquam
321 915 426 939 tamen
451 909 615 938 obliviscar
639 909 678 938 ad
705 908 789 937 illam
817 908 1016 947 perfectionis
1042 908 1191 938 absolutae
1218 909 1366 947 speciem,

46 962 50 963 ⁷
99 962 196 992 quam
210 958 316 983 mente
331 958 452 982 tantum
469 952 610 981 videmus
625 949 709 991 (τὴν
725 948 818 981 ἰδέαν
833 952 891 981 τοῦ
908 950 1040 989 καλοῦ),
1054 952 1217 990 pervenire
1233 961 1366 991 eamque

99 996 230 1036 exsequi
245 996 429 1026 mortalibus
445 1002 592 1034 negatum
608 1005 694 1029 esse;
715 995 860 1034 quocirca
877 1005 967 1033 aequa
982 1001 1013 1024 et
1028 995 1167 1024 humana
1182 995 1246 1025 sint
1262 1002 1368 1026 nostra

94 1040 217 1079 judicia
232 1040 271 1069 de
286 1049 478 1069 summorum
498 1044 660 1078 poetarum
676 1038 833 1068 erroribus
851 1044 880 1068 et
898 1038 1039 1068 delictis!
1053 1056 1093 1062 —
1108 1036 1218 1078 [neque
1233 1038 1364 1080 chorda]

101 1083 252 1123 Proponit
273 1083 390 1122 duplex
412 1083 592 1121 exemplum
613 1082 726 1111 erroris
749 1091 810 1111 non
833 1082 974 1111 consulto
1000 1087 1054 1111 aut
1076 1082 1188 1120 judicii
1212 1083 1366 1121 pravitate

100 1127 268 1162 commissi,
283 1126 339 1156 sed
354 1126 458 1165 potius
474 1126 691 1155 instrumentis
706 1125 811 1154 minus
827 1125 971 1165 perfectis
988 1125 1158 1158 tribuendi.
1178 1132 1211 1155 ut
1226 1127 1367 1165 plerum·

44 1199 46 1203 ,
101 1179 164 1210 que
187 1170 247 1210 ipsi
272 1169 423 1199 sermonis
448 1167 838 1208 inopia—[minabitur]
865 1169 1055 1198 ‘minabitur
1079 1168 1182 1205 ferire,
1209 1179 1271 1208 quo
1294 1180 1367 1200 eum

99 1213 253 1252 sagittarii
268 1213 377 1243 oculus
392 1222 567 1252 manusque
583 1212 712 1251 dirigit!

144 1256 324 1287 353—356.
351 1253 454 1295 [Quid
477 1266 548 1295 ergo
571 1260 616 1286 est
628 1253 661 1296 ?]
686 1255 836 1291 ‘Verum,
860 1260 895 1285 ut
919 1255 1031 1292 video,’
1047 1255 1161 1294 inquit,
1178 1256 1369 1295 ‘justissima

101 1299 162 1330 hac
185 1300 387 1330 excusatione
412 1300 498 1329 abuti
524 1306 654 1338 possunt
678 1298 772 1328 etiam
796 1299 869 1328 mali
896 1305 1007 1337 poetae,
1033 1309 1166 1337 quorum
1192 1300 1367 1330 defensioni

97 1344 228 1384 jamjflm
252 1352 423 1373 occurram.
471 1343 511 1372 At
535 1343 561 1372 si
588 1343 686 1372 futilis
713 1343 844 1381 scriptor
868 1343 979 1371 eadem
1006 1343 1191 1381 purgatione
1216 1350 1368 1381 uteretur,

101 1386 185 1417 illico
199 1386 384 1416 refutandus
398 1386 477 1416 erit:
490 1402 533 1407 -—
545 1384 693 1426 [scriptor
708 1384 870 1425 librarius]
888 1387 895 1401 ‘
907 1395 1025 1422 servuS,
1042 1387 1094 1424 qui
1111 1386 1205 1416 libros
1221 1387 1369 1417 describit

102 1430 152 1460 vel
167 1430 296 1461 domino
315 1430 452 1459 litterato
469 1430 518 1459 vel
543 1427 933 1469 bibliopolae.'——[peccat
958 1429 1053 1467 idem]
1079 1439 1135 1467 pro
1161 1431 1291 1469 vulgari,
1315 1431 1368 1461 ‘in

103 1474 213 1504 eodem
229 1473 356 1512 peccat:
380 1473 482 1502 ‘idem
499 1479 659 1512 peccatum
684 1482 806 1511 semper
831 1473 1019 1502 committit.’
1065 1474 1115 1502 Sic
1136 1474 1230 1503 etiam
1249 1475 1313 1504 Cic.
1329 1475 1368 1504 de

103 1517 144 1547 N.
161 1516 199 1547 D.
219 1516 247 1553 l,
272 1516 322 1552 12,
342 1516 507 1555 Xenophon
532 1517 635 1546 eadem
651 1514 720 1555 sere
740 1513 1078 1556 peccat—[oberrat]
1104 1517 1176 1555 ‘qui
1199 1518 1231 1546 in
1256 1518 1370 1548 eadem

103 1559 223 1591 chorda
237 1560 349 1600 pollice
365 1561 525 1598 tangenda
541 1561 678 1589 eundem
693 1569 817 1598 semper
832 1569 968 1588 errorem
986 1560 1173 1590 committit?

147 1602 328 1638 357—360.
365 1603 505 1640 [multum
533 1601 647 1643 cessat]
674 1606 822 1641 ‘propter
852 1601 1077 1641 negligentiam
1101 1604 1202 1633 officio
1226 1613 1282 1634 suo
1305 1614 1369 1635 non

42 1651 48 1658 ⁵
103 1646 277 1683 satisfacit,’
301 1651 336 1676 ut
352 1647 434 1685 Epp.
450 1647 480 1681 2,
497 1647 527 1683 2,
547 1646 596 1682 14,
620 1647 718 1676 Semel
740 1647 788 1676 hic
812 1647 948 1676 cessavit.
965 1645 1205 1687 —[Choerilus]
1232 1648 1313 1687 Epp.
1338 1649 1370 1682 2.

0 1718 4 1725 ,
46 1717 48 1720 ,
106 1689 136 1726 l,
157 1689 231 1720 232.
275 1692 296 1706 “
312 1689 478 1725 Choerilus,
505 1690 559 1728 qui
586 1697 674 1728 gesta.
700 1690 871 1719 Alexandri
892 1690 1071 1720 describens
1100 1696 1220 1729 septem
1246 1697 1371 1721 tantum

0 1750 6 1760 1
50 1731 51 1734 ’
102 1741 212 1763 versus
233 1733 407 1764 laudabiles
428 1733 519 1768 fecit;
545 1734 593 1762 cui
622 1733 804 1762 Alexander
828 1732 926 1762 fertur
950 1733 1078 1771 dixisse,
1096 1735 1190 1763 malle
1209 1744 1242 1764 se
1267 1735 1369 1765 Ther-

103 1776 187 1806 aiten
212 1777 343 1806 Homeri
370 1786 438 1806 esse
469 1786 563 1815 quam
592 1777 686 1815 hujus
713 1776 877 1806 Achillem.
924 1776 1106 1806 Alexander
1129 1783 1235 1807 autem
1260 1784 1370 1817 pactus

0 1820 7 1827 ⁵
51 1831 53 1857 j
103 1824 176 1850 cuin
197 1829 243 1857 eo,
271 1825 304 1849 ut
327 1820 352 1849 si
375 1821 491 1849 bonum
515 1819 632 1850 faceret
654 1829 790 1858 versum,
812 1829 906 1849 aureo
930 1821 1117 1850 numismate
1141 1821 1320 1858 donaretur,
1344 1823 1370 1852 si

103 1863 234 1899 malum,
257 1863 387 1902 colapho
409 1863 564 1898 feriretur,
587 1864 639 1893 ille
659 1863 772 1902 saepius
795 1863 876 1892 male
894 1864 1058 1893 scribendo
1081 1864 1219 1903 colaphis
1240 1872 1369 1896 necatus

0 1905 13 1941 ’,
53 1922 55 1926 ⁴
100 1906 185 1936 δι’·
218 1907 327 1936 Comm.
351 1907 402 1937 Cr.
447 1907 508 1936 Sed
529 1907 568 1936 de
592 1907 718 1936 insulsis
739 1907 787 1936 his
808 1907 1050 1936 Scholiastarum
1070 1908 1311 1938 narratiunculis
1332 1915 1367 1939 tu

0 1953 4 1956 ’
59 1966 61 1971 ·
79 1966 82 1968 -
105 1948 211 1980 confer
234 1950 349 1980 Naekii
377 1949 560 1985 Choerilum,
578 1960 630 1989 pp.
651 1949 701 1979 36.
726 1950 799 1986 206,
820 1950 945 1984 207.—-
962 1948 1144 1990 [Indignor]
1170 1954 1177 1967 ‘
1190 1952 1367 1990 AEgerrime

0 2025 5 2036 ,
102 1991 181 2022 item
195 1992 273 2032 fero,
295 1994 546 2032 quandocunque
568 1993 600 2023 in
621 1994 758 2023 Homero
774 1993 884 2022 vitium
900 1994 1027 2032 aliquod
1043 1995 1268 2031 animadverto,
1293 1997 1368 2035 quia

0 2038 5 2075 j
51 2043 59 2075 ⁴.
103 2043 178 2066 eum
200 2036 250 2066 his
267 2046 393 2076 prorsus
415 2043 596 2076 exemptum
620 2046 777 2075 cuperem.
824 2037 972 2067 Attamen
993 2038 1036 2067 ita
1054 2038 1226 2068 Homerum
1243 2049 1368 2070 mecum

60 2078 62 2082 ¹
104 2078 172 2118 ipse
187 2089 302 2110 excuso
317 2080 495 2110 mirandum
520 2090 582 2109 non
598 2090 677 2118 esse,
699 2080 723 2109 si
741 2081 788 2109 vel
803 2090 944 2110 summus
968 2087 1059 2119 poeta
1080 2082 1112 2111 in
1132 2083 1283 2120 poematis
1303 2089 1366 2113 tam

103 2122 206 2162 longis
229 2123 398 2158 interdum,
426 2123 481 2153 sed
503 2133 583 2159 raro,
608 2121 982 2164 cesset.’—[Dormitat]
1011 2124 1104 2154 Refer
1125 2126 1164 2154 ad
1187 2123 1369 2167 διαφωνίας

60 2182 75 2199 52
105 2174 142 2196 nc
157 2166 253 2196 miras
266 2167 335 2196 illas
351 2167 559 2203 difficultates,
583 2177 652 2205 quae
675 2163 792 2197 λύσεσι
813 2168 986 2206 praesertim
1003 2168 1288 2199 Alexandrinorum
1304 2171 1368 2200 ori-

51 2222 81 2228 ·«
104 2209 213 2248 ginem
241 2210 407 2246 dederunt,
438 2215 533 2248 atque
561 2211 600 2239 ad
631 2219 667 2240 ea
693 2211 809 2246 omnia,
840 2221 909 2249 quae
937 2218 1064 2250 propter
1092 2212 1220 2242 nimiam
1251 2213 1370 2244 scilicet

50 2271 55 2282 .=
105 2252 339 2293 simplicitatem
358 2253 407 2283 vel
428 2259 555 2292 propter
576 2263 698 2283 morum
720 2263 756 2283 ac
775 2253 932 2283 sentiendi
956 2255 1198 2294 discrepantiam
1221 2257 1367 2296 displice-

0 2291 1 2298 *
106 2295 184 2326 bant
198 2295 424 2326 Alexandrinis
440 2303 471 2326 et
488 2297 638 2327 Romanis
654 2297 766 2327 horum
777 2298 933 2336 judicium
950 2299 1136 2338 plerumque
1150 2301 1274 2330 secutis.

149 2338 331 2371 361-365.
358 2338 423 2380 [Ut
434 2342 567 2380 pictura,
582 2338 700 2381 poesis]
727 2341 866 2380 Antiqua
887 2347 935 2371 est
950 2343 1149 2382 comparatio,
1174 2353 1256 2383 saepe
1274 2353 1368 2383 prave

0 2335 2 2362 1
46 2330 84 2363 {A
