1390 2586
1363 0 1390 34 ἦ

142 126 222 167 172
566 126 929 156 INTERPRETATIO.
1270 124 1360 167 [sn.
1386 103 1387 106 ¹

185 223 273 254 1—5.
292 223 340 264 [in
354 222 443 263 votis]
461 223 511 253 ‘in
527 224 658 263 optatis.’
674 223 751 260 (Cic.
767 225 806 253 ad
819 225 902 253 Fam.
918 225 948 259 2,
966 223 1029 263 13.)
1040 240 1082 246 —
1096 221 1228 264 [modus]
1245 224 1283 254 de
1297 224 1361 262 agri

141 267 237 305 spatio
253 277 276 295 s.
293 268 435 295 mensura
450 267 540 295 etiarn
558 267 655 296 Plaut.
668 266 740 295 Aul.
760 267 836 296 Prol.
855 266 903 302 13,
919 269 996 306 Agri
1014 268 1135 306 reliquit
1149 268 1189 297 eii
1210 277 1266 296 mm
1281 277 1361 306 mag·v

141 319 210 339 num
229 310 351 338 modum.
363 325 405 330 -—
422 307 527 348 [jugis
543 307 643 348 aquae]
661 309 710 338 Sic
726 310 832 347 junge,
848 317 907 338 non
923 319 990 338 cum
1007 309 1073 338 aliis
1087 308 1176 348 jugis
1186 307 1257 348 sons
1270 318 1363 348 aqua,

141 351 173 380 id
188 352 268 390 quod
282 351 491 380 consuetudini
507 357 664 390 repugnat.
679 367 720 372 —
737 348 849 390 [silvae]
867 351 922 380 Od.
937 351 967 387 3,
985 351 1032 386 16,
1047 352 1098 387 29,
1112 351 1228 380 collatis
1240 351 1318 389 Epp.
1335 350 1363 387 l.

146 393 193 430 16,
208 395 237 429 5,
260 400 290 422 et
307 393 355 428 18,
375 393 441 423 104.
460 409 502 414 ——
518 391 620 432 [super
641 391 704 432 his]
722 395 729 408 ‘
741 392 794 423 ἐπὶ
817 390 953 429 τούτοις.
977 399 1085 432 praeter
1107 394 1191 422 haec)
1205 409 1248 414 —
1263 391 1365 432 [Mau

141 434 227 474 nate]
247 436 371 464 Invocat
392 436 576 464 Mercurium
600 436 674 465 lucri
697 436 843 470 datorem,
864 433 1014 476 κερόᾦον,
1033 433 1204 477 ἐριούνιον.
1218 451 1260 456 -
1276 434 1365 475 [pro-

138 475 226 517 pria]
244 479 251 493 ‘
263 478 401 506 stabilia.'
426 478 486 507 Cfr.
503 479 564 507 Sat.
580 479 611 513 2,
627 479 656 512 2,
674 478 742 508 129.

185 519 298 549 6-12,
323 518 389 559 [Si]
408 521 482 549 ‘hac
505 520 676 549 conditione
698 520 808 549 exaudi
831 530 934 558 preces
955 520 1056 553 meas.’
1075 521 1140 556 &c.‚
1160 518 1311 558 frequenti
1333 518 1366 549 in

143 563 293 601 precando
314 563 453 591 fon-mulii..
470 560 631 602 —[vit1'o]
659 563 790 598 luxuria,
815 561 953 600 libidine,
974 562 1231 601 prodigentifi.-—
1247 558 1364 602 [culpa]

144 604 331 642 negligentia
347 605 521 642 praesertim.
537 620 579 625 —
596 602 746 644 [veneror]
763 605 853 634 ‘deos
873 614 1020 634 venerans
1041 606 1078 634 ab
1099 605 1136 633 iis
1157 603 1282 643 precor.'
1305 603 1380 636 err„

145 647 246 676 Carm.
264 647 327 676 sec.
345 648 395 677 49.
430 648 490 676 Sat.
510 648 540 683 2,
563 647 592 682 2,
616 647 684 676 124.
699 663 742 668 -
758 644 940 687 [denormat]
968 647 1172 682 ‘denormem,
1187 646 1381 684 inaequalerm

145 689 254 724 reddit,
270 690 345 718 adeo
358 696 389 718 ut
405 695 508 718 contra
523 689 761 726 agrimensorum
776 690 896 727 regulas
911 690 1074 728 quadratus
1089 699 1148 718 non
1164 688 1222 719 sit:
1234 704 1276 710 —
1287 683 1390 727 [song-

142 729 225 771 quae]
253 732 411 766 Construe,
427 733 453 760 si
468 742 532 771 quae
549 729 764 770 (aliqua)fors.

190 773 321 803 13—15.
346 772 507 812 [Hercule]
531 774 562 803 h.
584 774 604 802 l.
626 779 660 803 ut
676 775 756 804 Pers.
771 775 800 809 2,
818 774 867 809 11,
889 771 1126 811 πλουτοδότης.
1156 773 1176 789 “
1189 773 1232 803 Ut
1247 771 1383 802 Mercu-k

146 815 209 844 rius
231 816 342 854 apertis
366 816 456 845 lucris
479 822 510 845 et
533 816 729 854 negotiationi
754 821 892 855 praeerat,
914 817 955 846 sic
981 817 1126 845 Hercules
1146 815 1259 854 opertis
1281 814 1390 855 lucris}

146 858 209 887 sive
225 858 405 888 thesauris.”
422 860 515 888 Schol.
529 874 570 879 —
585 857 718 897 [gratum
725 857 831 897 juvat]
849 860 857 874 ⁴
871 858 912 887 ita
922 861 1019 898 juvat,
1035 864 1068 887 ut
1082 864 1202 896 gratum
1216 858 1255 887 sit
1269 857 1390 895 animoss-

147 900 235 929 meo.’
251 916 293 921 -—-
306 899 452 940 [Pingue]
469 901 593 930 Jocatur
607 902 638 929 in
651 901 792 938 ambiguo
807 901 976 938 significatu
993 911 1020 930 ν.
1033 902 1153 939 pingue.
1169 901 1249 938 quod
1265 900 1302 928 ad
1323 894 1386 928 ins

147 942 271 980 genium
284 944 412 972 relatum
426 943 576 981 significat
591 945 599 958 ‘
609 953 752 977 crassum,
768 943 909 972 tardum.’
918 959 961 964 -
971 940 1100 982 [custos]
1115 939 1238 983 Ἐρμῆς
1251 939 1390 981 λόγιοςῑζ

147 991 304 1023 poetarum
320 995 439 1023 semper
453 991 561 1020 custos,
575 986 656 1015 unde
672 986 725 1014 hos
741 991 825 1014 vocat
839 987 914 1015 viros
930 986 1134 1021 Mercuriales,
1146 985 1203 1014 ud.
1215 985 1245 1019 2,
1262 983 1307 1020 17,
1319 984 1390 1025 294

194 1027 325 1057 16—19.
350 1025 492 1067 [montes]
519 1028 646 1057 Sabinos
670 1032 702 1056 et
723 1028 755 1056 in
778 1028 879 1056 villam
899 1037 1008 1062 meam,
1032 1037 1138 1063 arcem,
1161 1027 1232 1065 quia
1254 1027 1284 1055 in
1308 1027 1390 1058 loco?

147 1069 231 1098 edito
247 1070 395 1099 aedificata
409 1075 482 1099 erat.
498 1085 541 1090 —
553 1068 654 1109 [Quid
666 1067 768 1108 prius]
787 1069 909 1109 Scripsit
926 1070 991 1099 hoec
1005 1075 1056 1099 aut
1071 1069 1223 1108 scripsisse
1238 1078 1269 1098 se
1285 1054 1390 1107 fingiti

144 1112 222 1147 ruri,
240 1112 380 1150 quocirca
403 1112 458 1141 hoc
474 1112 562 1141 dicit:
589 1114 597 1127 ‘
610 1113 698 1141 Nunc
718 1122 812 1150 quum
835 1112 865 1141 in
888 1112 1032 1141 Sabinum
1054 1121 1154 1141 meum
1173 1121 1210 1140 ex
1227 1112 1301 1140 urbe
1323 1108 1390 1148 meg

148 1154 258 1192 recepi,
277 1154 392 1189 Satirae,
407 1164 498 1192 quam
514 1164 693 1192 componere
708 1154 765 1183 sert
779 1154 909 1189 animus,
925 1160 1139 1191 argumentum
1150 1154 1238 1191 longe
1254 1152 1390 1191 amissi-»Li

149 1205 234 1225 mum
251 1196 280 1224 id
297 1197 365 1234 erit,
376 1203 408 1225 ut
424 1197 492 1225 laeto
505 1196 606 1226 animo
618 1196 778 1235 praedicem
793 1196 995 1225 rusticationis
1009 1196 1140 1234 insignia
1154 1197 1233 1225 bona
1242 1195 1260 1231 3’
1276 1201 1390 1233 eaque*

150 1239 251 1267 statim
267 1243 442 1268 enumerat:
457 1239 464 1254 ‘
477 1239 534 1267 Hic
546 1239 627 1268 enim
643 1248 698 1267 nec
708 1248 800 1277 prava
814 1237 939 1267 ambitio
950 1248 999 1267 me
1011 1238 1119 1273 vexat,'
1133 1239 1236 1267 &cn—
1250 1236 1386 1277 [Musa-⁴

150 1291 206 1320 que
223 1279 374 1320 pedestri]
390 1281 451 1310 Cfr.
469 1282 530 1310 Sat.
548 1281 575 1315 1,
591 1281 620 1315 4,
639 1281 687 1316 47.
712 1282 768 1310 od.
785 1282 814 1315 2,
832 1279 879 1314 12,
895 1281 925 1311 9.
954 1281 1031 1319 Epp.
1046 1282 1076 1316 2,
1097 1280 1123 1316 l,
1139 1280 1209 1316 250,
1226 1281 1377 1311 Sermom

149 1327 284 1361 repentes
302 1333 357 1361 per
376 1324 502 1352 humum.
517 1339 559 1344 —
574 1321 743 1362 [plumbeus
757 1321 883 1361 Auster]
908 1322 1052 1361 (Sirocco)
1075 1324 1083 1338 ¹
1095 1329 1169 1352 aestu
1191 1331 1246 1352 suo
1268 1330 1375 1360 corpu}

151 1374 329 1403 aggravans,
349 1365 487 1403 viresqne
505 1365 548 1394 ita
568 1371 745 1401 extenuans,
767 1370 799 1394 ut
820 1365 895 1394 nihil
915 1365 1014 1394 moliri
1029 1365 1139 1404 possim
1155 1373 1254 1402 neque
1269 1364 1376 1394 studiis

151 1408 277 1436 vacare!
293 1424 335 1429 —
351 1405 484 1446 [gravis]
509 1409 516 1423 ‘
527 1407 729 1446 pestilentiam
749 1417 850 1436 secum
872 1407 1019 1437 afferens!
1064 1405 1225 1446 Letiferum
1239 1406 1376 1437 nominat

152 1450 169 1479 J
175 1459 262 1480 uven.
279 1452 307 1484 4,
322 1450 372 1479 56.
387 1466 430 1471 —
445 1448 613 1488 [Libitina]
635 1450 777 1479 funerum
796 1450 854 1479 dea
873 1449 977 1478 Italica
997 1449 1086 1479 modo
1104 1459 1172 1478 cum
1189 1448 1376 1487 Proserpina

153 1492 243 1521 modo
263 1502 331 1521 cum
350 1492 475 1521 Veneris
496 1492 621 1522 numine
643 1502 661 1521 a
682 1492 864 1521 doctioribus
887 1492 1056 1530 conjuncta,
1070 1491 1102 1520 in
1123 1492 1208 1530 cujus
1230 1491 1378 1528 templum

154 1544 209 1572 pro
230 1544 351 1572 quoqne
373 1534 478 1563 funere
502 1544 643 1563 nummus
665 1533 866 1567 inferebatur3
892 1534 975 1568 item,
998 1543 1186 1571 quaecunque
1209 1533 1248 1562 ad
1269 1533 1378 1563 funera

153 1576 356 1615 pertinebant,
380 1576 421 1605 ibi
443 1577 618 1606 locabantur
640 1582 670 1605 et
691 1577 915 1610 vendebantur;
938 1575 1040 1613 igitur,
1063 1585 1124 1614 quo
1146 1575 1246 1614 plures
1266 1575 1376 1604 morie-

155 1620 275 1654 bantur,
292 1628 328 1647 eo
343 1620 438 1657 major
459 1623 490 1648 et
506 1618 600 1657 ipsius
619 1619 683 1648 deae
705 1623 736 1647 et
756 1617 1000 1654 libitinariorum,
1023 1618 1075 1656 qui
1095 1618 1203 1647 funera
1221 1619 1377 1653 curabant,

155 1666 288 1698 quaestus
303 1666 376 1690 erat.

197 1703 328 1732 20-24.
347 1701 514 1741 [Matutine
524 1700 629 1741 paler]
648 1702 887 1740 Descriptionem
903 1701 1161 1731 incommodorum
1173 1701 1242 1731 vitae
1255 1703 1378 1730 urbana

154 1744 228 1774 scite
251 1746 368 1774 orditur
389 1746 426 1774 ab
448 1745 638 1774 invocatione
652 1744 732 1780 Jani,
749 1745 800 1782 qui
816 1745 918 1774 omnia.
938 1744 1027 1773 initia
1041 1744 1184 1779 fortunat,
1200 1743 1278 1779 vitae,
1295 1743 1377 1780 anni,

156 1787 186 1816 h.
202 1787 221 1816 l.
237 1787 426 1824 negotiorum
447 1797 501 1825 per
521 1787 654 1824 singulos
671 1787 735 1816 dies
753 1787 1015 1825 capessendorum.
1029 1802 1071 1808 —
1087 1784 1207 1826 [audis]
1226 1784 1380 1823 ’ἀκούεινῆ

156 1826 274 1866 κλύεις,
299 1829 479 1867 appellaris.¹
495 1845 536 1850 -
553 1827 674 1869 [Unde]
703 1830 739 1858 ‘a
755 1830 834 1867 quo,’
858 1835 892 1858 ut
917 1830 973 1858 Od.
1001 1828 1028 1863 l,
1053 1828 1100 1864 12,
1126 1825 1378 1868 17.-[Romoe]

157 1874 165 1888 ⁶
179 1872 281 1904 Quum
299 1872 404 1900 Rornae
419 1881 496 1907 sum,
512 1881 601 1900 mane
617 1881 664 1900 me
680 1872 759 1910 rapis
773 1881 917 1910 sponsum
932 1871 963 1900 in
981 1871 1091 1900 Forum
1102 1870 1120 1884 ”
1136 1869 1233 1910 (Epp.
1245 1872 1274 1906 2,
1286 1871 1316 1904 2,
1328 1869 1378 1905 67,

157 1914 219 1944 Hic
233 1924 366 1952 sponsum
381 1913 494 1952 vocae):
512 1914 531 1942 i.
548 1923 574 1943 e.
591 1914 696 1942 Romae
714 1914 921 1943 necessitatem
937 1913 1011 1942 mihi
1027 1912 1199 1951 impositam
1214 1913 1311 1942 sentio
1326 1921 1380 1951 pro

160 1957 215 1985 hoc
239 1957 285 1986 vel
308 1956 359 1984 illo
382 1956 478 1985 amico
501 1955 658 1985 confestim
684 1955 862 1994 spondendi,
887 1955 945 1984 nisi
970 1955 1103 1984 insuavis
1127 1960 1157 1984 et
1182 1954 1381 1992 negligentior

158 1998 263 2028 haberi
292 1998 390 2028 velim.
405 2014 447 2019 —-
463 1996 590 2037 [Eia—
601 1995 690 2037 urge]
723 1999 778 2027 His
806 2008 854 2027 w.
883 2007 914 2026 se
951 1997 1014 2036 ipse
1048 1997 1187 2026 hortatur
1216 1997 1379 2026 Horatius:

157 2042 166 2057 ⁶
179 2038 296 2080 ἔπειγε,
311 2049 449 2078 propera,
469 2050 506 2069 ne
521 2040 587 2078 quis
609 2040 640 2069 in
659 2041 716 2069 hoc
730 2040 827 2070 officio
840 2039 1013 2078 recipiendo
1028 2044 1057 2068 te
1071 2039 1254 2078 praeveniat.’

202 2083 254 2120 25,
268 2082 317 2112 26.
343 2081 466 2122 [Aquilo
482 2080 578 2120 radic]
603 2083 682 2118 ‘flat,
705 2088 790 2112 terrae
813 2082 1003 2121 superficiem
1024 2082 1140 2117 radens,
1155 2079 1380 2120 perstringens,’

159 2130 194 2153 ut
221 2126 327 2155 radere
351 2126 428 2154 litus.
445 2140 487 2145 —
502 2122 794 2164 [Interiore—gyro]
826 2124 1008 2154 ‘solstitium
1038 2123 1167 2153 hiemale
1192 2124 1272 2152 lente
1298 2124 1381 2152 ducit

159 2167 250 2202 diem,
268 2167 319 2205 qui
337 2168 402 2205 jam
416 2167 583 2196 breviorem
600 2167 753 2204 horarum,
764 2167 873 2205 quibus
889 2167 932 2196 sol
947 2167 1036 2202 lucet,
1050 2166 1193 2195 circulum
1209 2164 1380 2199 describit?

159 2215 194 2238 ut
215 2209 295 2238 inter
318 2210 419 2247 plures
442 2209 582 2244 circulos,
607 2209 716 2247 quibus
739 2209 821 2239 idem
845 2214 891 2239 est
912 2214 1060 2246 centrum,
1085 2207 1241 2237 interiores
1263 2215 1380 2246 semper

160 2250 282 2280 brevius
297 2252 426 2289 spatium
442 2251 700 2281 circumscribunt.

204 2293 255 2327 27,
279 2293 327 2322 28.
361 2291 545 2333 [Postmodo]
573 2294 694 2325 ‘Quum
717 2293 912 2332 pronuntiaro
933 2291 1101 2331 sponsionis
1123 2291 1294 2327 formulam,
1311 2300 1380 2329 quoe

162 2334 298 2371 sortasse,
315 2336 366 2365 ubi
381 2335 521 2365 creditori
541 2345 558 2365 a
579 2345 627 2365 me
644 2335 888 2366 satisfaciendum
903 2335 969 2371 erit,
988 2334 1014 2364 si
1028 2334 1145 2364 debitor
1159 2334 1223 2374 ipse
1237 2333 1380 2364 solvendo
