1390 2586
137 110 191 147 20
525 121 782 149 SATmARUM
811 121 899 152 Lm.
921 123 949 150 1.
972 112 1009 151 9.

142 219 276 260 Solem
298 220 408 262 Asiae
432 220 601 261 Brutum
624 220 811 275 appellat,
833 221 1047 277 stellasque
1067 222 1246 265 salubres

140 276 334 330 Appellat
354 276 530 325 comites,
553 284 722 331 excepto
747 276 888 332 Rege3
920 293 1059 319 canem
1079 279 1207 329 illum,
1302 282 1359 322 25

140 330 320 372 Invisum
340 332 522 387 agricolis
543 332 662 381 sidus,
686 332 855 374 venisse.
915 333 1089 384 Ruebat,

141 386 312 428 Flumen
335 398 378 429 ut
398 388 620 437 hibernum,
644 389 770 428 fertur
792 403 872 443 quo
891 404 978 430 rara
997 390 1158 432 securis.

141 443 249 483 Tum
275 439 544 485 Praenestinus
564 445 666 484 salso
687 444 892 499 multoque
914 445 1056 488 fluenti

141 498 344 553 Expressa
363 502 523 541 arbusto
543 500 693 555 regerit
713 501 902 550 convicia,
926 501 1047 543 durus

141 554 420 597 Vindemiator
441 565 481 597 et
501 557 684 604 invictus,
708 557 770 596 cui
792 571 898 611 saepe
921 559 1047 599 viator
1305 561 1359 599 30

143 610 351 661 cessisset,
375 613 519 666 magna
542 612 784 667 compellans
805 628 900 653 voce
923 614 1136 655 cucullum.

142 668 200 707 At
223 667 403 718 Graecus,
427 678 635 723 postquam
657 677 718 709 est
740 668 842 709 Italo
862 670 1046 724 perfusus
1067 673 1207 719 aceto,

144 722 306 764 Persius
326 725 545 765 exclamat:
581 724 660 765 Per
680 739 859 780 magnos,
885 725 1024 775 Brute,
1049 725 1162 768 Deos
1181 724 1234 768 te‘

143 777 242 828 Or0,
265 780 334 834 qui
354 795 471 836 reges
491 781 693 821 consueris
714 781 866 830 tollere,
890 797 959 823 cur
979 797 1059 823 non

142 834 267 876 Hunc
300 836 458 892 Regem
479 835 675 892 jugulas?
705 851 870 891 operum
891 837 979 888 hoc,
1001 838 1099 879 mihi
1119 837 1249 888 crede,
1272 845 1360 879 tuo-

253 907 341 933 rum
363 900 434 934 est.
954 914 957 917 ·
1305 897 1359 935 35

628 1039 783 1066 SATIRA
814 1038 876 1065 lx.

145 1112 258 1153 Ibam
278 1112 380 1153 forte
403 1112 480 1154 Via
505 1113 639 1162 Sacra,
659 1113 761 1155 sicut
781 1127 892 1154 meus
913 1119 973 1153 est
991 1126 1089 1160 mos,

146 1169 292 1209 Nescio
313 1169 409 1223 quid
430 1169 627 1210 meditans
649 1184 860 1224 nugarum,
882 1177 989 1210 totus
1009 1169 1050 1208 in
1071 1167 1171 1208 illis:

144 1225 334 1265 Accurrit
354 1225 529 1279 quidam,
552 1235 670 1267 notus
691 1226 789 1266 mihi
809 1225 971 1266 nomine
991 1231 1161 1273 tantum,

143 1281 401 1335 Arreptfique
422 1297 510 1322 man
519 1297 555 1330 u,
580 1281 692 1330 Quid
712 1282 811 1337 agis,
835 1281 1062 1322 dulcissime
1082 1278 1247 1320 rerum?

115 1375 119 1380 .
146 1337 344 1386 Suaviter,
377 1346 421 1379 ut
450 1352 558 1379 nunc
584 1346 656 1387 est,
687 1338 866 1392 inquam,
898 1347 943 1380 et,
967 1337 1084 1392 cupio
1113 1335 1246 1376 omnia
1272 1349 1363 1390 quae

254 1394 325 1434 νίς.ν
1338 1394 1364 1431 5

146 1447 285 1496 Quum
306 1457 580 1503 assentaretur,
605 1449 829 1505 Numquid
850 1448 942 1490 vis?
961 1463 1124 1503 occupo.
1185 1447 1243 1488 At
1261 1447 1343 1496 ille,

144 1504 266 1546 Noris
286 1520 370 1554 nos,
393 1506 546 1561 inquit;
577 1507 683 1547 docti
702 1520 850 1547 sumus.
909 1505 992 1546 Hic
1012 1519 1034 1545 e
1066 1519 1102 1552 o,
1127 1503 1259 1544 Pluris

146 1561 250 1610 Hoc,
273 1561 449 1615 inquam,
472 1563 570 1602 mihi
591 1562 680 1603 eris.
742 1561 894 1602 Misere
914 1520 1117 1601 discecfiere
1138 1573 1335 1615 quaerens,

145 1616 210 1656 Ire
231 1617 348 1658 modo
369 1618 490 1667 ocius,
512 1618 711 1659 interdum
734 1618 962 1666 consistere,
984 1617 1025 1657 in
1046 1630 1183 1657 aurem

94 1706 103 1726 z
145 1672 296 1713 Dicere
318 1674 452 1714 nescio
472 1674 568 1729 quid
590 1689 736 1728 puero;
766 1688 890 1728 quum
911 1673 1030 1714 sudor
1048 1672 1099 1713 ad
1118 1672 1218 1712 imos
1316 1673 1366 1712 10

146 1728 338 1770 Manaret
358 1731 479 1770 talos:
505 1730 544 1771 O
566 1738 618 1779 te,
643 1730 811 1778 Bolane,
834 1729 987 1770 cerebri

145 1784 350 1835 Felicem!
382 1786 536 1827 aiebam
558 1787 712 1835 tacitus,
736 1801 861 1840 quum
882 1785 1080 1840 quidlibet
1099 1783 1168 1824 ille

147 1839 343 1890 Garri‘ret,
366 1842 486 1891 vicos,
510 1842 648 1883 urbem
670 1843 860 1883 laudaret.
923 1841 982 1882 Ut
1003 1840 1060 1881 illi

147 1897 218 1937 Nil
238 1898 541 1952 respondebam,
567 1899 721 1939 Misere
742 1898 866 1952 cupis,
890 1897 1034 1952 inquit,
1051 1895 1177 1945 abire„

145 1953 237 1994 Jam
259 1953 408 1994 dudum
429 1955 570 1995 video:
603 1955 673 1995 sed
694 1955 750 1994 nil
770 1955 879 2009 agis3
911 1968 1038 2008 usque
1061 1952 1232 2000 teneb03
1316 1953 1390 1991 15³

148 2009 375 2064 Persequar
414 2011 518 2060 hinc,
555 2025 636 2065 quo
670 2026 778 2051 nunc
803 2011 879 2051 iter
912 2019 972 2051 est
1006 2009 1092 2051 tibi.
1164 2007 1235 2048 Nil
1267 2021 1368 2062 opus

258 2075 317 2107 est
338 2074 376 2107 te

149 2120 402 2176 Circumagi:
434 2122 635 2177 quendam
654 2122 745 2163 volo
765 2122 892 2163 visere
914 2136 993 2162 non
1015 2120 1088 2162 tibi
1108 2126 1247 2161 notum
1264 2134 1285 2167 3·
1308 2135 1318 2148 ¹

148 2176 279 2217 Trans
301 2178 482 2219 Tiberim
504 2179 625 2234 longe
646 2179 766 2219 cubat
784 2178 830 2228 is,
852 2192 976 2234 prope
1000 2175 1168 2218 Caesaris
1187 2175 1336 2216 hortos.

147 2232 219 2273 Nil
250 2232 377 2275 habeo
398 2235 505 2290 quod
535 2250 665 2291 agam,
689 2243 729 2276 et
755 2250 834 2276 non
863 2248 952 2288 sum
981 2232 1098 2289 piger
1111 2248 1130 2280 ς,
1156 2245 1280 2286 usque
1305 2245 1368 2272 se-

259 2303 358 2344 quar
379 2299 431 2332 te.
