1390 2586
399 81 663 111 SATIRARUM
693 81 781 109 ΜΒ.
805 81 853 109 11.
876 71 914 108 6.
1231 71 1285 109 45

542 275 702 302 SATIRA
726 276 783 303 VI.

37 359 133 405 Hoc
153 367 240 402 erat
259 359 302 401 in
323 358 450 401 votis:
483 359 626 401 modus
646 360 733 415 agri
757 375 837 400 non
859 359 916 400 ita
936 373 1122 415 magnus,

36 417 196 461 Hortus
216 417 286 459 ubi
308 425 349 458 et
370 425 478 459 tecto
500 418 657 458 vicinus
672 417 787 473 jugis
808 432 926 472 aquae
946 417 1049 466 fons,

35 473 93 518 Et
111 475 293 532 paullum
315 475 428 516 silvae
449 489 572 530 super
592 474 654 516 his
675 475 791 516 foret.
854 475 1027 515 Auctius
1047 483 1171 530 atque

35 531 98 576 Di
118 533 265 574 melius
293 533 441 573 fecere.
505 532 621 573 Bene
643 533 730 573 est!
763 532 862 573 nihil
883 532 1056 588 amplius
1078 547 1162 581 oro,

36 589 154 633 Maia
177 599 285 640 nate,
309 590 388 631 nisi
409 598 455 631 ut
475 590 638 645 propria
658 589 744 632 haec
764 590 862 631 mihi
885 605 1054 631 munera
1075 589 1188 631 faxis.
1259 592 1284 629 5

6 698 13 703 Α
37 646 83 693 Si
102 662 239 703 neque
260 648 454 703 majorem
478 648 555 688 feci
577 647 734 689 ratione
756 648 860 689 mala
883 663 981 698 rem,

0 743 1 749 ,
24 700 129 748 ⁸Nec
147 720 236 747 sum
258 705 439 768 facturous
461 705 560 746 vitio
582 705 754 760 culpave
778 705 973 746 minorem
991 721 1000 754 3

39 760 86 804 Si
106 777 278 804 veneror
297 763 446 804 stultus
466 761 566 802 nihil
588 761 746 812 horum,
772 769 782 788 ⁶
800 763 841 804 O
862 763 895 803 si
916 763 1091 818 angulus
1111 762 1180 804 ille

37 818 258 873 Proximus
277 819 456 868 accedat,
480 819 550 875 qui
571 835 682 861 nunc
702 821 915 862 denormat
934 821 1112 878 agellum
1134 821 1143 862 !

39 874 127 922 Qsi
149 892 290 924 urnam
312 878 474 933 argenti
495 878 575 919 fors
592 893 684 933 quae
705 877 804 918 mihi
826 887 1037 928 monstret,
1056 886 1101 920 ut
1116 877 1190 929 illi,
1238 880 1285 918 lo

37 933 252 988 Thesauro
274 935 443 976 invento
464 935 535 990 qui
556 935 832 977 mercenarius
852 951 1011 992 agrum,

37 990 162 1035 Illum
182 993 315 1048 ipsum
337 1003 551 1042 mercatuS,
573 993 715 1042 aravit,
738 993 852 1035 dives
872 993 1002 1035 amico

38 1048 242 1098 Hercule3
261 1051 270 1068 '
302 1050 349 1100 si,
372 1050 482 1107 quod
502 1050 629 1100 adest,
661 1060 822 1108 gratum
849 1053 981 1107 juvat,
1009 1051 1083 1093 hac
1103 1066 1225 1107 prece
1246 1059 1286 1093 te

151 1123 233 1158 oro,
321 1104 328 1109 ⁶

41 1163 204 1221 Pingue
225 1181 350 1222 pecus
370 1165 535 1207 domino
555 1166 692 1219 facias,
714 1174 756 1208 et
775 1175 922 1216 cetera,
946 1175 1093 1222 praeter

41 1221 276 1280 Ingenium,
301 1231 428 1279 utque
444 1224 561 1274 soles,
586 1233 721 1266 custos
742 1224 839 1265 mihi
861 1225 1062 1266 maximus
1082 1224 1200 1267 adsis.
1236 1227 1286 1265 15

40 1278 155 1337 Ergo
176 1281 246 1322 ubi
267 1296 332 1322 me
353 1281 394 1322 in
417 1290 575 1323 montes
597 1291 638 1323 et
658 1281 700 1322 in
721 1297 855 1323 arcem
878 1297 930 1323 ex
954 1282 1052 1324 urbe
1075 1282 1242 1332 removi,

41 1336 157 1387 Quid
178 1338 290 1394 prius
310 1338 506 1380 illustrem
529 1339 660 1380 satiris
682 1340 880 1396 musaque
902 1340 1112 1396 pedestri?

39 1394 133 1437 Nec
153 1396 259 1437 mala
280 1411 345 1437 me
365 1396 534 1438 ambitio
555 1397 702 1452 perdit,
726 1412 802 1438 nec
822 1397 1039 1453 plumbeus
1064 1399 1214 1440 Auster

40 1454 384 1509 Auctumnusque
406 1454 555 1507 gravis,
581 1453 777 1496 Libitinae
798 1465 977 1510 quaestus
997 1456 1167 1498 acerbae.

42 1509 253 1553 Matutine
274 1521 402 1567 pater,
425 1526 497 1553 seu
519 1511 626 1554 Jane
648 1512 841 1554 libentius
863 1513 991 1562 audis,
1234 1517 1289 1554 ‘20

42 1567 168 1611 Unde
190 1569 375 1610 homiues
395 1584 564 1624 operum
586 1570 738 1625 primos
760 1570 936 1626 vitaeque
958 1570 1116 1612 labores

41 1625 283 1676 Instituunt‚
307 1627 365 1668 sic
388 1626 467 1668 Dis
488 1627 697 1682 placitum,
722 1636 765 1669 tu
786 1628 975 1669 carminis
997 1637 1082 1670 esto

43 1682 310 1739 Principium.
379 1685 519 1726 Romae
539 1699 774 1740 sponsorem
798 1701 863 1727 me
885 1686 1003 1742 rapis.
1066 1685 1158 1740 Eia,

43 1739 112 1783 Ne
132 1742 241 1797 prior
261 1742 393 1783 officio
414 1742 629 1798 quisquam
652 1743 909 1799 respondeat,
934 1759 1049 1800 urge.

40 1797 142 1840 'Sive
165 1798 320 1854 Aquilo
340 1799 445 1841 radit
466 1810 604 1850 terras,
627 1815 699 1842 seu
724 1802 866 1842 bruma
887 1802 1064 1843 nivalem
1236 1805 1290 1842 25

44 1855 245 1898 Interiore
267 1856 374 1898 diem
396 1872 502 1913 gyro
522 1857 657 1908 trahit,
680 1858 739 1900 ire
760 1874 926 1901 necesse
949 1868 1022 1902 est.

45 1912 280 1964 Postmodo,
303 1915 413 1970 quod
435 1914 490 1955 mi
511 1914 630 1965 obsit,
654 1916 761 1957 clare
783 1925 1025 1973 certumque
1046 1917 1195 1968 locuto,

12 1978 15 1982 '
34 1970 305 2013 Luctaudum
327 1971 369 2012 in
392 1972 508 2014 turba
530 1981 572 2015 et
591 1973 776 2015 facienda
796 1975 946 2030 injuria
966 1975 1101 2016 tardis.

18 2057 21 2064 ·
45 2027 159 2078 Quid
196 2029 271 2071 tibi
307 2029 380 2082 vis,
413 2029 568 2080 insane,
606 2039 648 2073 et
682 2047 783 2088 quas
815 2047 880 2074 res
918 2032 1038 2089 agis?
1082 2033 1292 2089 improbus

158 2095 278 2144 urget

14 2142 164 2201 gylratis
185 2144 386 2200 precibus.
448 2144 518 2186 Tu
538 2145 675 2200 pulses
696 2162 816 2189 omne
838 2147 947 2203 quod
969 2147 1114 2198 obstat,
1235 2153 1291 2192 30

14 2202 26 2252 ζ
45 2201 114 2244 Ad
137 2201 412 2244 Maecenatem
433 2203 602 2244 memori
622 2203 656 2244 si
677 2214 814 2247 mente
834 2220 1028 2246 recurras.

10 2260 30 2303 ἐξ
47 2257 143 2301 Hoc
165 2260 285 2316 juvat
305 2267 347 2302 et
367 2260 478 2301 melli
500 2268 573 2310 est,
596 2276 675 2302 non
699 2262 884 2304 mentiar.
945 2263 1005 2304 At
1024 2263 1144 2305 simul
1164 2273 1270 2307 atras

14 2306 229 2367 ff'Ventum
250 2326 312 2360 est
333 2317 554 2374 Esquilias,
576 2318 709 2361 aliena
729 2321 895 2377 negotia
916 2330 1079 2364 centurn
