1390 2586
353 116 672 146 EPISTOLARUM
702 117 793 144 Lm.
815 116 845 144 1.
869 105 908 153 9,
935 105 998 143 10.
1251 102 1305 141 67

190 323 406 352 EPlsToLA
438 324 620 352 1x.--AD
652 323 892 352 CLAUDIUM
926 322 1168 350 NERONEM.

49 411 287 469 Septimius,
313 411 475 464 Claudi,
498 412 691 455 nimirum
713 411 910 470 intelligit
931 426 1051 462 unus,

47 469 208 519 Quanti
227 485 294 512 me
314 470 464 512 facias:
497 485 605 521 nam,
629 485 756 526 quum
779 478 908 527 rogat,
932 477 974 511 et
993 483 1115 525 prece
1137 467 1261 524 cogit,

0 519 1 576 ἶ
49 526 217 570 Scilicet
236 535 283 570 ut
303 527 378 570 tibi
398 543 442 570 se
462 528 627 570 laudare
649 536 692 569 et
712 527 871 570 tradere
893 541 1029 576 coner,

0 639 1 642 Ἴ
44 583 236 641 Dignum
258 594 399 627 mente
421 585 625 642 domoque
646 585 824 642 legentis
845 585 1016 626 honesta
1037 583 1242 632 Neronis;

45 640 228 684 Munere
249 657 376 698 quum
398 643 516 700 fungi
536 642 737 699 propioris
758 651 900 684 censet
919 641 1053 692 amici,
1274 642 1299 680 5

45 698 159 748 Quid
181 700 346 756 possim,
369 700 482 743 videt
500 715 548 742 ac
567 700 684 742 novit
703 715 770 741 me
791 699 948 741 valdius
969 699 1070 755 ipso.

44 755 184 799 Multa
204 757 371 813 quidem
393 758 492 808 dixi,
515 773 587 799 cur
608 766 825 799 excusatus
845 756 1028 799 abirem:

42 814 126 856 Sed
147 814 277 866 timui,
298 830 390 857 mea
410 830 463 857 ne
483 814 650 857 finxisse
670 814 827 858 minora
848 822 1028 870 putarer,

0 871 2 874 ’
38 869 334 915 Dissimulator
354 873 443 928 opis
463 873 648 929 propriae,
670 872 771 914 mihi
794 871 1030 914 commodus
1052 871 1136 913 uni.

42 927 114 971 Sic
131 944 224 985 ego,
247 930 411 986 majoris
430 930 595 987 fugiens
617 929 835 986 opprobria
856 929 999 986 culpae,
1247 931 1298 970 10

41 985 206 1029 Frontis
225 987 276 1029 ad
298 987 463 1030 urbanae
484 988 678 1029 descendi
700 987 878 1043 praemia.
941 986 1104 1036 Quodsi

39 1042 288 1100 Depositum
310 1045 451 1087 laudas
471 1045 524 1087 ob
544 1044 664 1087 amici
679 1046 795 1101 jussa
814 1043 1028 1100 pudorem,

42 1101 184 1144 Scribe
205 1102 266 1144 tui
285 1102 426 1160 gregis
447 1102 569 1152 hunc,
593 1110 635 1144 et
654 1102 802 1144 fortem
823 1101 944 1144 crede
968 1101 1215 1158 bonumque.

220 1341 439 1370 EPISTOLA
469 1341 633 1369 x.—AD
666 1340 847 1369 FUSCUM
878 1339 1117 1369 ARISTIUM.

39 1428 168 1472 Urbis
187 1437 410 1472 amatorem
433 1429 613 1472 Fuscum
633 1429 790 1472 salvere
806 1429 1001 1485 jubemus

39 1485 166 1529 Ruris
184 1495 397 1538 amatores,
419 1487 495 1529 hac
514 1488 556 1528 in
578 1502 622 1528 re
643 1487 801 1529 scilicet
824 1487 903 1529 una

37 1543 222 1586 Multum
244 1544 473 1595 dissimiles,
495 1545 546 1587 ad
567 1552 705 1587 cetera
725 1559 844 1601 paene
865 1543 1047 1600 gemelli,

37 1600 247 1644 Fraternis
266 1602 412 1644 animis
433 1602 631 1659 quicquid
651 1610 778 1658 negat
797 1602 913 1652 alter,
937 1610 980 1644 et
998 1601 1125 1644 alter:

35 1658 272 1701 Annuimus
291 1660 443 1716 pariter
462 1660 591 1702 vetuli
611 1660 782 1716 notique
804 1659 994 1701 columbi.
1265 1662 1291 1700 5

35 1714 105 1758 Tu
127 1716 269 1758 nidum
290 1732 427 1760 servas
443 1733 453 1766 3
476 1733 555 1774 ego
575 1717 697 1759 laudo
718 1717 822 1759 ruris
842 1717 995 1759 amoeni

32 1770 178 1824 Rivos,
202 1781 244 1816 et
263 1789 402 1817 musco
423 1774 652 1817 circumlita
671 1790 770 1817 saxa
789 1789 1032 1830 nemusque.

34 1830 150 1880 Quid
171 1831 353 1887 quaeris?
382 1832 477 1874 vivo
497 1840 540 1875 et
558 1847 701 1889 regno,
723 1832 846 1874 simul
866 1832 943 1874 ista
963 1831 1126 1888 reliqui,

34 1888 143 1938 Quae
163 1904 234 1930 vos
254 1889 305 1931 ad
326 1889 477 1932 coelum
497 1890 611 1932 fertis
631 1905 794 1932 rumore
815 1890 1009 1941 secundo,

33 1942 179 2002 thue
199 1947 420 1989 sacerdotis
440 1947 639 2002 fugitivus
661 1948 743 1990 liba
763 1962 907 1990 recuso
924 1963 933 1989 ε
1238 1948 1289 1987 10

33 2001 148 2047 Pane
170 2019 288 2061 egeo,
303 2005 390 2060 jam
412 2004 577 2046 mellitis
596 2005 755 2062 potiore
776 2005 989 2061 placentis.

30 2056 185 2102 Wivere
206 2072 363 2104 naturae
383 2061 416 2104 si
439 2064 730 2104 convenienter
751 2071 926 2119 oportet,

32 2115 328 2175 Ponendaeque
350 2119 470 2160 domo
492 2120 712 2175 quaerenda
734 2129 794 2162 est
815 2136 910 2162 area
930 2119 1122 2177 primum,

31 2173 250 2222 Novistine
272 2176 405 2218 locum
428 2177 628 2233 potiorem
648 2192 741 2218 rure
763 2176 918 2220 beato?

30 2227 109 2275 Est
128 2232 197 2275 ubi
220 2233 311 2290 plus
335 2242 503 2289 tepeant
522 2234 712 2276 hiemes?
742 2234 813 2276 ubi
834 2235 988 2290 gratior
1008 2249 1107 2275 aura
1206 2231 1208 2233 ¹
1236 2237 1286 2275 lo

30 2286 184 2332 Leniat
204 2299 246 2333 et
266 2291 420 2333 rabiem
445 2291 584 2342 Canis,
607 2300 649 2333 et
669 2301 874 2334 momenta
898 2291 1064 2342 Leonis,

33 2345 174 2396 Quum
197 2348 324 2390 semel
343 2349 503 2406 accepit
527 2349 667 2391 Solem
687 2349 932 2392 furibundus
951 2348 1151 2392 acutum?
