1390 2586
52 64 121 131 {B-
138 104 178 128 Π.
190 95 238 135 3.]
494 91 871 123 INTERPRETATIO.
1231 91 1309 134 157

53 197 119 230 sive
141 197 324 232 liberatumg
346 194 403 224 sed
423 194 564 224 Graecam
590 192 854 223 constructionem
880 190 1097 233 καθαρθῆναι
1118 192 1182 230 τῆς
1206 189 1308 224 νόσου

53 240 123 272 h.l.
137 240 283 281 pretulit.
329 238 411 268 ‘Sed
436 237 552 267 mirum
577 236 610 266 in
632 237 762 266 modum
787 245 885 265 novus
907 237 1033 266 morbus
1056 241 1193 266 veterem
1218 236 1309 267 illum

53 283 212 316 metandi
234 282 311 314 mihi
336 281 467 321 expulit,
493 281 522 310 ei
547 280 704 316 successit,
729 285 764 309 ut
786 279 927 318 pleuritis
953 280 1112 309 interdum
1139 280 1252 310 transit
1274 281 1308 310 in

53 326 270 367 wilielmum?
316 324 468 364 Loquitur
489 333 552 354 non
573 324 611 353 de
633 323 832 362 philosophia
853 323 956 352 Stoica¹
976 333 1030 362 per
1049 333 1082 352 se
1102 324 1251 362 spectata,
1274 329 1309 354 ut

54 371 254 402 meeum.
270 369 376 407 Cruq.,
393 369 448 398 sed
464 368 502 397 de
523 367 642 396 fervido
662 366 715 396 illo
740 366 843 396 studio
867 375 906 396 ex
931 366 989 396 hac
1012 367 1210 406 philosophia
1229 373 1308 403 orto,

55 422 119 454 quo
139 422 222 445 nunc
248 412 351 443 aliena
375 411 501 450 negotia
525 416 622 445 curet,
647 420 717 449 quae
742 407 1059 451 πολυπραγμοσύνη
1084 410 1153 440 aliis
1178 409 1308 440 forsitan

54 457 195 488 vno-tur
207 465 305 486 novus
320 457 456 485 morbus.

79 499 231 531 4Βψ-ΒῙ.
256 497 339 539 [cor]
365 504 399 528 ut
412 497 570 528 interdum
583 493 710 538 καρδία,
727 497 757 526 h.
774 496 793 525 1.
811 506 843 526 os
855 496 1028 526 ventriculi.
1059 497 1121 526 Cfr.
1138 506 1166 527 v.
1185 497 1310 528 161.—

57 539 216 584 Eirqr'eeto]
233 542 378 581 Proprie;
402 542 446 571 ita
459 541 545 570 enim
556 541 668 570 medici
685 540 802 570 dicunt.
819 538 1068 580 (μεθίστασθαι,
1078 538 1308 580 μετάστασις.)

53 583 362 626 &pk—[miseri]
388 585 480 618 Quod
501 584 600 614 Graeci
626 582 687 614 τὸν
710 580 820 614 τόπον
842 580 1040 614 πεπονθότα
1063 584 1181 619 dicunt,
1206 584 1310 614 Latini

53 629 202 661 miserum
217 629 330 665 locum,
346 629 379 658 id
392 634 448 663 est,
463 629 571 657 morbo
587 627 741 657 affectum.
790 627 889 656 Plaut.
906 627 991 656 Poen.
1010 628 1039 660 5,
1056 627 1086 662 2,
1104 627 1154 664 43,
1171 629 1310 658 miseram

53 681 116 704 me
127 674 276 712 praedicat
292 674 413 702 buccam
427 672 487 701 sibi
497 682 508 700 :
531 671 672 701 Fortasse
689 671 815 701 medicos
830 681 882 700 uos
894 680 956 700 esse
967 671 1158 700 arbitrarier.
1169 687 1212 692 —
1225 669 1307 712 [hic]

54 716 167 755 ‘quem
192 715 293 746 nosti.’
340 715 501 746 Comicum
530 715 710 753 exemplum
734 714 834 743 morbi
861 714 963 743 subito
988 714 1118 743 mutati:
1148 714 1268 744 homini
1291 725 1311 744 a

54 765 182 790 veterno
196 769 343 798 oppresso
359 759 497 788 medicus
517 757 681 787 consilium
700 758 840 794 dederat,
866 763 901 787 ut
922 757 1107 796 pugillatum
1129 763 1310 793 exerceret,

52 802 104 834 mi
133 802 262 832 consilio
291 802 373 832 illico
402 803 671 840 obtemperaturus
701 807 836 838 aegrotus
870 801 1028 830 medicum
1063 801 1166 840 ipsum
1195 802 1310 840 pugnis

52 854 217 884 aggressus
239 851 296 876 est.
340 845 411 876 Jam
440 845 533 883 hujus
563 844 677 883 pugilis
708 844 977 882 gesticulationem
1009 854 1104 883 quum
1134 845 1311 875 imitaretur

55 888 275 929 Damasippus,
299 888 457 924 Horatius,
481 888 634 920 ‘Quidvis
659 887 766 923 aliud:
793 888 905 926 inquit,
931 887 1006 917 ‘tibi
1033 888 1227 926 permittens,
1251 889 1310 918 hoc

54 941 154 962 unum
177 932 334 971 deprecor,
353 941 393 962 ne
416 931 498 961 male
517 940 567 960 me
588 931 725 961 mulcare
746 931 951 970 incipias.'—
964 929 1093 970 [simile]
1118 932 1150 961 in
1170 942 1220 962 me
1245 932 1310 970 fiat,

55 981 118 1007 esto
133 974 246 1015 (tertiae
261 974 427 1015 persona),
442 979 475 1004 ιιι
491 975 563 1004 libet
578 972 636 1013 (let
651 976 675 1004 ie
694 975 727 1005 be
742 985 803 1014 any
818 975 904 1014 thing
918 985 976 1014 you
990 973 1118 1014 please).

97 1018 234 1050 32—40.
259 1016 435 1059 [stultique]
461 1018 553 1047 Stulti
569 1023 600 1048 et
615 1018 716 1047 insani
730 1023 804 1047 sunt
820 1018 940 1053 Stoicis,
953 1019 1132 1057 quicunque
1148 1019 1186 1048 ab
1202 1028 1310 1049 eorum

55 1061 220 1101 disciplina
234 1062 410 1092 abhorrent.
449 1061 512 1092 Cic.
530 1061 638 1091 Parad.
657 1061 748 1091 Stoic.
766 1061 794 1097 4,
810 1058 862 1091 ὅτι
878 1061 948 1097 πᾶς
962 1060 1077 1102 ἄφρων
1091 1060 1311 1102 μαίνεται.-

55 1101 164 1146 [prope
187 1104 300 1145 omnes]
325 1103 486 1141 ἅπαντες,
508 1102 554 1142 ὡς
577 1102 659 1141 ἔπος
681 1101 1063 1144 timim—[Stertinius]
1089 1105 1153 1135 Cfr.
1176 1105 1256 1144 Epp.
1279 1105 1309 1142 l,

57 1147 107 1184 12,
124 1148 177 1187 20,
196 1149 248 1179 ubi
269 1150 388 1179 Schol.:
411 1147 610 1178 “stertinius
633 1148 837 1187 philosophus
860 1149 1010 1178 ducentos
1034 1154 1066 1178 et
1082 1148 1193 1186 viginti
1215 1149 1311 1179 libros

56 1191 230 1222 Stoicorum
262 1192 371 1222 Latine
400 1191 609 1230 scripsit.”—
625 1188 822 1231 [sapientem]
860 1192 868 1207 ‘
885 1202 954 1230 quae
985 1192 1146 1231 sapientiae
1174 1193 1311 1231 speciem

53 1239 150 1274 atque
163 1235 343 1274 opinionem
358 1234 521 1265 eonciliat.'
530 1251 574 1256 —
584 1233 618 1275 [a
633 1233 922 1274 Fabricio—ponte]
948 1236 966 1251 “
979 1236 1039 1265 Hic
1055 1246 1132 1274 pons
1150 1236 1310 1266 Fabricius

55 1277 157 1308 dietus
171 1284 220 1308 est
232 1288 251 1308 a
267 1278 408 1309 Fabricio
428 1278 554 1308 consule
574 1278 744 1314 conditore,
767 1279 820 1317 qui
842 1288 926 1308 nunc
943 1279 1099 1318 Lapideus
1119 1279 1311 1316 nominatur,

50 1321 180 1362 junctus
194 1322 305 1352 insulae
322 1321 508 1352 Tiberinae.”
535 1321 642 1351 Comm.
661 1322 751 1362 Cruq.
797 1322 889 1351 Nunc
907 1322 1003 1352 Ponte
1022 1324 1056 1352 di
1074 1324 1203 1355 Quattro
1223 1323 1310 1362 Capi.

55 1362 204 1404 ·—·[male
230 1363 280 1406 re]
308 1365 470 1395 ‘familiari
496 1365 723 1399 administrata,
749 1375 846 1404 quum
869 1366 1135 1396 decoxissem.’—-—
1149 1363 1311 1405 [operto-—

55 1405 172 1448 capite]
202 1413 238 1438 ut
264 1408 405 1439 solebant
426 1408 584 1438 interdum
610 1409 797 1438 moribundi.
812 1406 1007 1448 —[de.z·ter]
1034 1409 1198 1448 propitius,
1224 1411 1312 1440 velut

54 1448 135 1488 θεὸς
159 1448 456 1493 σωτήρ-[θανῇ
485 1451 694 1481 “Notandum
720 1462 753 1482 ve
775 1452 928 1491 syllabam
951 1453 1077 1482 brevem
1098 1462 1176 1489 esse,
1198 1463 1310 1492 quam-

56 1503 149 1533 quam
174 1496 318 1525 secundae
346 1500 394 1524 est
416 1495 653 1534 conjugationis,
685 1500 719 1524 ut
749 1495 870 1525 Persius
896 1496 943 1535 (1,
972 1494 1058 1535 108,)
1085 1498 1151 1526 vide
1184 1498 1311 1527 brevem

54 1537 191 1578 posuitl’
212 1539 287 1569 Aer.
298 1554 341 1560 -·
354 1535 623 1578 [pudor—malus]
648 1538 753 1574 falsus,
769 1535 930 1569 δυσωπία.

98 1580 235 1612 41-48.
260 1579 427 1622 [porticus]
452 1580 535 1611 στοὰ
551 1580 687 1619 ποικίλη
706 1582 849 1617 Athenis,
864 1583 896 1612 in
913 1583 975 1621 qua
992 1583 1080 1612 Zeno
1095 1585 1224 1622 ejusque
1239 1593 1311 1614 suc-

55 1632 190 1655 cessores
204 1625 386 1656 docuerunt.
397 1642 439 1646 —
452 1622 624 1666 [autumat]
650 1627 657 1641 ‘
668 1626 811 1662 affirmat,
828 1626 903 1655 dicit
915 1626 933 1661 ς’
955 1636 1028 1663 non,
1043 1627 1051 1642 ‘
1063 1626 1220 1666 opinatur,
1236 1636 1310 1657 cen-

55 1667 124 1698 net’
155 1668 220 1699 crr.
246 1669 326 1698 Gell.
355 1669 404 1704 15,
428 1665 698 1709 3.—[formula]
723 1679 769 1708 pr.
793 1679 917 1699 carmen
942 1670 1030 1707 legis,
1054 1669 1086 1699 h.
1110 1671 1130 1700 l.
1157 1670 1310 1708 definitio,

56 1708 230 1742 :ardm—
242 1709 355 1752 [tenet]
380 1713 389 1728 ‘
399 1708 540 1752 κατέχει,
559 1712 777 1751 amplectitur.’
790 1729 833 1734 —
847 1709 991 1753 [Im-ano]
1017 1713 1060 1743 Ut
1074 1714 1149 1743 olim
1166 1714 1310 1744 nomina-

56 1753 149 1784 batur
162 1754 342 1791 Mercurius,
357 1755 401 1785 sic
415 1765 498 1785 nunc
513 1755 602 1795 inops
616 1755 715 1786 factus
730 1758 861 1786 insanus.
885 1756 947 1786 Cfr.
963 1767 990 1786 v.
1007 1756 1078 1792 297.
1294 1775 1298 1779 -

99 1797 236 1828 til—56.
260 1795 441 1838 [partibus]
463 1799 471 1814 ⁴
486 1799 623 1838 Uterque
638 1799 755 1838 pariter
768 1805 862 1835 errat,
884 1801 939 1829 sed
959 1800 992 1829 in
1012 1810 1048 1830 eo
1065 1800 1228 1830 dumtaxat
1245 1801 1310 1831 dis-

56 1845 195 1880 crepant,
211 1842 294 1879 quod
310 1842 446 1871 diversas
461 1842 493 1871 in
509 1848 611 1881 partes
626 1852 644 1872 a
659 1849 743 1873 recto
759 1843 882 1873 tramite
898 1845 1014 1873 abeunt
1025 1844 1044 1879 ;’
1068 1844 1135 1873 sine
1151 1844 1308 1883 imagine:

57 1883 66 1899 ⁸
75 1883 198 1914 diverso
213 1884 339 1923 quidem
351 1885 454 1921 modo,
466 1886 520 1915 sed
534 1896 622 1924 aeque
637 1892 743 1916 errant
757 1887 843 1916 stulti
858 1887 987 1916 omnes.’
996 1903 1039 1908 —
1050 1885 1120 1927 [hoc
1136 1886 1308 1928 te—modo]

54 1926 189 1957 refertur
203 1928 242 1957 ad
256 1937 283 1958 v,
295 1929 384 1958 velut.
394 1944 436 1950 —-
449 1926 591 1968 [caudam
601 1927 720 1969 trahat]
747 1940 826 1959 non:
846 1931 1024 1969 ‘tamquam
1040 1931 1118 1964 bos‚'
1131 1936 1166 1960 ut
1180 1931 1312 1970 exponit

55 1969 161 2000 Acron
187 1976 219 2000 et
244 1971 330 2006 [ἕεις
360 1973 424 2008 sed,
448 1972 580 2001 “solent
607 1973 696 2012 pueri
722 1974 897 2012 petulantes
923 1974 1133 2003 nescientibus
1158 1973 1310 2014 (maxime

52 2012 236 2044 hominibus
255 2013 364 2051 fatuis)
381 2024 399 2044 a
418 2020 505 2053 tergo
527 2016 656 2046 caudam
681 2018 881 2056 suspendere,
908 2022 942 2046 ut
963 2018 1048 2047 velut
1068 2027 1162 2056 pecus
1178 2018 1311 2048 caudam

55 2055 212 2087 trahant.”
251 2057 416 2097 Porph.—
432 2056 674 2098 [ignes,—rupes
691 2058 875 2100 fluviosque]
899 2061 1010 2090 modus
1037 2061 1249 2099 proverbialis,
1274 2067 1311 2092 ut

53 2098 119 2131 8⁸2·
143 2099 171 2136 l,
197 2099 225 2136 l,
245 2100 297 2132 39.
321 2101 401 2140 Epp.
425 2101 453 2137 l,
479 2101 506 2137 l,
529 2101 735 2143 ‹ww—[huie
754 2105 875 2142 varum]
902 2104 1017 2133 Solitus
1040 2104 1170 2134 Horatio
1193 2105 1311 2135 discre-

49 2142 170 2183 μὴ
196 2144 328 2179 dativus,
349 2150 384 2173 ut
408 2145 471 2174 Sat.
494 2145 521 2181 l,
540 2145 571 2180 4,
593 2145 643 2175 48.
668 2146 695 2181 1.
711 2146 742 2183 6,
759 2147 809 2178 92.
833 2147 913 2186 Epp.
940 2147 967 2183 l,
996 2147 1044 2183 18,
1072 2145 1307 2189 4.—[varum]

57 2185 276 2223 ‘mnu-arium,
297 2187 494 2226 oppositum:
539 2188 669 2218 “Pedes
693 2188 910 2220 in-diversum
935 2191 1030 2220 flexos
1054 2191 1204 2222 habentes
1223 2202 1311 2223 varos

57 2227 188 2260 didmus
201 2235 234 2260 et
248 2231 393 2260 distortas
408 2241 501 2260 venas
516 2232 664 2262 varices.’'
699 2233 795 2263 Schol.

63 2294 78 2314 3
98 2272 234 2308 67—59.
252 2271 378 2314 {amica
398 2272 518 2314 Mater]
545 2275 563 2290 “
577 2275 652 2305 Haee
676 2277 844 2315 composite
863 2277 1049 2316 proferenda
1062 2278 1167 2308 sunt.¹’
1199 2279 1308 2310 Comm.

61 2312 148 2356 αη-
187 2317 246 2347 Est
271 2317 307 2348 11.
333 2319 366 2347 Z.
389 2317 461 2354 251,
486 2315 671 2359 ἠπιόδωρος
689 2317 992 2361 'affluo—[serva]
1023 2321 1104 2352 Talee
1127 2332 1206 2353 care.
1258 2322 1309 2352 Sic

55 2354 160 2402 ω.
171 2359 254 2391 Pers.
269 2361 300 2395 5,
314 2361 344 2399 2,
360 2361 412 2399 29,
427 2363 492 2392 hem
506 2372 592 2393 serva
606 2372 736 2394 rursum.
781 2364 862 2394 Item
879 2365 950 2396 Ter.
966 2365 1100 2405 Adelph.
1115 2366 1146 2403 2,
1164 2365 1192 2403 l,
1211 2365 1259 2396 18.
