1390 2586
134 94 189 132 78
469 102 784 130 ΕΡιεΤοιΑιωΜ
813 102 901 130 mn.
923 104 952 130 1.
977 92 1040 132 18.

139 201 372 258 Ambigitur
411 201 508 256 quid
546 201 653 242 enim
673 201 692 242 ?
753 202 894 244 Castor
932 202 1042 252 sciat,
1079 217 1130 244 an
1170 202 1363 246 Dolichos

250 259 364 313 plus3

140 314 414 356 Brundusium
437 312 597 354 Minuci
619 313 760 354 melius
782 313 845 354 via
864 314 982 356 ducat
1000 329 1051 355 an
1074 314 1197 370 Appi.

140 371 277 419 Quem
299 371 487 426 damnosa
507 370 661 418 Venus,
686 385 806 424 quem
829 385 1005 425 praeceps
1024 370 1113 412 alea
1131 371 1267 421 nudat,

143 427 284 468 Gloria
304 441 424 481 quem
445 441 564 481 supra
585 426 687 466 vires
709 435 749 467 et
769 426 888 467 vestit
907 435 948 467 et
969 427 1095 482 ungit,
1311 431 1365 469 20

142 483 278 531 Quem
301 490 412 524 tenet
431 482 587 537 argenti
610 482 694 523 sitis
715 482 943 536 importuna
962 484 1180 537 famesque,

143 539 278 587 Quem
300 539 545 593 paupertatis
566 538 693 592 pudor
713 547 754 579 et
773 539 881 594 suga,
905 539 1014 579 dives
1033 540 1196 592 amicus,

144 596 261 650 Saepe
282 595 420 635 decem
443 594 549 635 vitiis
570 594 809 644 instructior,
833 595 917 636 odit
936 603 978 636 et
996 595 1153 636 horret:

144 652 243 700 Aut,
266 652 298 692 si
320 666 398 691 non
422 651 516 699 odit,
539 651 665 706 regit3
695 666 754 699 ac,
776 651 899 692 veluti
922 651 988 706 pia
1006 659 1144 700 mater,

144 707 241 748 Plus
263 722 380 762 quam
403 722 444 748 se
465 722 617 761 sapere,
640 716 681 748 et
700 707 913 748 virtutibus
933 722 1019 748 esse
1039 707 1211 762 priorem
1314 710 1367 748 25

142 763 257 812 Vult,
281 771 322 804 et
340 763 396 804 ait
416 778 540 818 prope
562 778 678 804 vera:
714 763 825 810 Meae
849 763 1110 817 (contendere
1131 763 1231 817 noli)

145 819 364 861 Stultitiam
386 819 593 874 patiuntur
613 834 733 875 opes3
765 820 836 861 tibi
858 819 1022 873 parvula
1044 834 1105 860 res
1125 828 1198 861 est.

144 877 349 917 Arcanum
370 890 503 930 neque
525 885 568 916 tu
588 876 825 917 scrutaberis
845 875 951 916 illius
973 891 1173 930 unquam:

147 932 497 986 Commissumque
518 942 644 986 teges,
667 941 708 973 et
730 931 821 972 vino
842 940 966 973 tortus
987 941 1027 973 et
1047 932 1116 973 ira.

145 988 235 1029 Nec
255 996 324 1029 tua
343 988 520 1029 laudabis
540 988 680 1037 studia,
702 997 772 1029 aut
790 988 920 1029 aliena
939 988 1181 1043 reprendes:
1313 991 1367 1030 30

143 1044 246 1093 Nec,
269 1059 392 1099 quum
414 1044 551 1086 venari
572 1045 679 1085 volet
699 1044 779 1094 ille,
801 1052 984 1099 poemata
1004 1058 1168 1108 panges.

145 1101 288 1142 Gratia
307 1101 364 1141 sic
384 1101 547 1140 fratrum
568 1101 834 1156 geminorum,
859 1100 1098 1156 Amphionis
1117 1109 1238 1155 atque

145 1156 276 1205 Zethi,
299 1157 480 1206 dissiluit,
503 1157 629 1198 donec
649 1164 851 1222 suspecta.
851 1171 990 1197 severo

145 1212 353 1254 Conticuit
372 1213 470 1268 lyra.
531 1213 734 1254 Fraternis
754 1213 917 1254 cessisse
938 1220 1101 1267 putatur

143 1268 330 1309 Moribus
346 1268 583 1334 Amphion,
575 1285 583 1293 ·
616 1277 657 1310 tu
680 1269 775 1310 cede
797 1269 971 1324 potentis
990 1268 1109 1309 amici
1314 1271 1368 1309 35

143 1325 355 1366 Lenibus
344 1325 543 1379 11npe1iis;
575 1325 813 1380 quotiesque
834 1325 1007 1366 educet'
998 1339 1038 1365 in
1058 1339 1175 1380 agros

143 1380 295 1422 AEtolis
315 1390 477 1422 onerata
498 1381 624 1437 plagis
640 1382 826 1436 jumenta
844 1395 1055 1436 canesque,

145 1437 276 1493 Surge
298 1445 339 1478 et
358 1437 586 1478 inhumanae
606 1438 760 1478 senium
782 1437 938 1492 depone
957 1439 1175 1486 Camoeuae,

144 1472 295 1534 Coenes
316 1502 360 1534 ut
379 1493 528 1548 pariter
548 1494 755 1558 pulmenta
775 1493 974 1534 laboribus
995 1503 1154 1548 empta·
1143 1523 1154 1541 ,

144 1549 337 1590 Romanis
358 1550 550 1590 sollemne
572 1550 665 1590 viris
686 1564 796 1604 opus,
822 1549 918 1590 utile
939 1550 1053 1590 famae
1314 1551 1369 1591 40

142 1605 331 1660 Vitaeque
353 1614 393 1646 et
413 1606 614 1654 membris,
637 1605 854 1660 praesertim
877 1620 1000 1660 quum
1022 1604 1154 1646 valeas
1173 1611 1215 1646 et

141 1661 220 1702 Vel
242 1677 359 1703 cursu
379 1677 566 1716 superare
588 1676 726 1703 canem
748 1661 811 1702 vel
833 1661 982 1702 viribus
1001 1675 1140 1716 aprum

146 1717 290 1758 Possis.
339 1718 468 1766 Adde,
491 1718 620 1759 virilia
642 1717 747 1772 quod
769 1718 986 1772 speciosius
1005 1732 1115 1758 arma

145 1773 237 1814 Non
260 1784 320 1815 est
340 1774 408 1828 qui
431 1782 595 1823 tractet3
631 1775 719 1823 scis,
743 1789 822 1829 quo
843 1774 1014 1814 clamore
1035 1786 1191 1814 coronae

143 1829 293 1870 Proelia
312 1830 507 1871 sustineas
529 1831 786 1885 campestria3
817 1830 993 1884 denique
1014 1843 1160 1871 saevam
1314 1830 1368 1869 45

143 1885 335 1927 Militiam
358 1901 456 1941 puer
478 1895 517 1927 et
540 1887 779 1928 Cantabrica
801 1886 904 1927 bella
924 1886 1061 1935 tulisti,

144 1942 229 1982 Sub
249 1942 363 1991 duce,
386 1942 455 1997 qui
477 1943 635 1996 templis
660 1943 895 1983 Parthorum
916 1943 1032 1997 signa
1052 1941 1186 1996 refigit

143 1998 276 2047 Nunc,
300 2007 352 2046 et,
374 1999 407 2039 si
428 1999 524 2054 quid
545 1999 669 2048 abest,
696 1998 806 2040 Italis
826 1999 1028 2054 adjudicat
1045 1997 1176 2039 armis.

142 2054 206 2094 Ac
230 2057 299 2108 (ne
321 2063 360 2095 te
382 2056 557 2096 retrahas
578 2063 619 2096 et
639 2055 922 2096 inexcusabilis
940 2055 1064 2107 absis)

143 2109 339 2158 Quamvis
360 2111 415 2151 nil
437 2120 549 2152 extra
569 2126 779 2152 numerum
803 2111 943 2152 fecisse
966 2111 1208 2165 modumque
1314 2112 1367 2150 50

144 2166 240 2206 Cur&
242 2181 283 2215 ts,
307 2167 508 2208 interdum
529 2168 691 2222 nugaris
712 2183 802 2208 rure
825 2177 1012 2222 paterno:

142 2221 320 2263 Partitur
342 2223 479 2265 lintres
499 2224 724 2271 exercitus3
759 2224 878 2265 Actia
897 2238 1035 2278 pugna

138 2277 204 2319 Te
224 2278 325 2319 duce
346 2294 417 2334 per
437 2295 581 2335 pueros
601 2279 735 2322 hostili
755 2295 865 2321 more
886 2279 1079 2328 refertur3
