1390 2586
129 98 208 140 120
562 96 931 128 INTERPRETATIO.
1273 95 1361 140 [sn.

169 197 303 233 76-83.
329 193 504 236 [quotenus]
529 195 590 225 Cfr.
608 197 669 225 Sat.
686 195 713 227 l.
731 195 758 231 1.
773 195 824 225 64.
847 197 855 211 ‘
866 194 1017 228 Quoniam
1034 195 1158 234 quidem
1174 204 1230 224 nos
1243 205 1358 232 omnes,

127 249 202 278 quos
220 240 311 268 Stoici
329 246 438 276 praeter
460 239 546 266 illum
570 248 658 267 suum
682 238 851 275 sapientem
868 238 1044 276 perfectum,
1066 238 1174 267 stultos
1190 235 1360 278 (ἄφρονας.

128 280 289 319 ἠλιθίους,
311 279 466 321 φαύλους,
493 279 574 309 Stob.
601 281 635 309 Ε.
659 280 714 309 Pb.
731 281 762 318 2,
776 279 806 315 7,
829 280 955 318 passim)
979 289 1086 310 vocare
1108 280 1216 315 solent,
1239 290 1258 309 a
1279 281 1361 311 vitiis

127 334 251 363 prorsus
274 325 401 352 liberare
427 333 479 351 nos
503 333 564 351 non
593 332 763 361 possumus,
784 323 891 360 quidni
916 332 1016 351 veram
1040 323 1188 352 rationem
1211 327 1242 351 et
1263 322 1360 360 aequi-

128 372 221 396 tatem
238 367 268 394 in
286 365 488 404 dijudicandis
503 375 537 393 ac
553 365 716 403 puniendis
735 365 864 393 aliorum
888 365 1040 394 erroribus
1059 365 1238 403 delictisque
1258 365 1360 403 sequi-

128 405 510 447 mur?'—[tepidumque]
534 408 643 444 ‘atque
659 409 696 435 ob
712 407 743 436 id
759 416 858 444 neque
881 408 917 436 ab
941 407 1014 436 hero
1037 417 1092 436 nec
1112 416 1130 436 a
1153 407 1361 445 convivisjam

128 451 325 488 gustandum,
355 451 408 479 sed
435 451 529 478 servis
559 450 816 487 relinquendum.’
863 447 1032 488 [Labeone]
1071 450 1148 478 Cum
1187 450 1362 479 Scltoliastis

128 494 211 522 hunc
228 503 282 531 pro
300 493 340 521 M.
361 492 493 521 Antistio
518 493 668 527 Labeone,
693 491 929 520 celebratissima
955 499 1058 530 postea
1081 491 1169 527 Jcto‚
1190 493 1362 530 incorrupta

130 537 269 565 libertate
295 535 407 573 insigni
436 535 507 563 Tac.
537 534 620 563 Ann.
649 534 678 569 3,
707 534 756 568 75,
787 534 942 563 habemns.
986 535 1064 563 Sane
1094 535 1290 563 statuendum
1317 538 1364 564 est

129 578 212 607 hunc
245 578 416 606 Labeonem
446 577 538 605 etiam
568 583 640 606 tunc
669 577 816 615 juvenem
853 577 983 605 necdum
1019 576 1158 605 doctrina
1193 575 1363 614 ceterisque

130 620 248 649 meritis
273 620 387 648 clarum
411 620 575 656 aliquando
599 625 721 657 propter
745 618 841 647 levius
865 619 1008 647 delictum
1031 628 1151 647 servum
1169 619 1244 647 adeo
1259 628 1363 648 severe

132 663 266 701 punisse,
293 667 324 690 ut
350 671 442 700 prope
469 671 523 700 pro
546 667 647 690 mente
670 667 757 700 capto
779 661 1005 690 haberetur.—
1019 661 1113 698 [inter
1135 659 1238 700 sanos]
1261 661 1363 700 ‘apud

131 715 231 740 sanos,
247 715 264 733 a
280 704 382 733 sanis)

175 747 309 777 83—89.
336 744 490 785 [Quanto]
514 745 649 778 ‘Quodsi
672 746 778 775 insane
803 751 930 775 tractare
953 755 1113 784 possumus
1135 745 1182 774 vel
1204 755 1316 781 servos,
1330 745 1363 775 in

132 799 217 828 quos,
234 799 327 827 quum
346 789 438 817 nostri
455 789 525 823 sint,
542 788 691 826 quidlibet
706 798 799 827 prope
815 788 895 823 licet,
911 793 1025 826 quanto
1048 789 1143 826 major
1165 794 1211 816 est
1234 787 1364 823 insania,

132 833 156 861 si
182 840 304 870 propter
328 841 374 860 res
398 831 510 859 nullius
532 831 678 859 momenti
700 831 821 869 capitali
844 831 914 860 odio
937 830 1147 869 persequimur
1169 830 1365 859 amicos?—

134 872 220 914 [hoc]
255 874 354 911 ‘quod
386 873 487 902 statim
518 873 637 902 dicam)
675 873 731 902 Est
759 873 916 908 nominat„
947 882 1007 902 non
1035 873 1158 902 ablatiV.
1203 873 1292 911 Seqq.
1321 872 1365 902 sic

132 917 313 951 ordinanda,
332 922 365 944 ut
380 926 426 944 vv.
438 917 573 954 paullum
589 916 714 954 deliquit
735 917 846 944 amicus
869 925 922 954 pro
945 915 1057 954 protasi
1081 915 1269 944 habeantur:
1293 915 1366 944 ‘ubi

134 969 165 998 p.
189 960 217 988 d.
241 959 289 994 a.‚’
315 968 360 987 vv.
382 959 634 997 quod—insuavis
656 958 751 995 (qnod
777 957 835 986 nisi
859 958 1011 987 condones
1034 963 1064 986 et
1089 957 1237 995 ignoscas,
1258 957 1366 986 merito

133 1007 164 1031 te
179 1011 284 1030 omnes
301 1001 502 1030 nominabunt
518 1001 738 1029 intractabilem
755 1006 784 1029 et
797 998 966 1037 morosum)
981 1011 988 1029 ε
1011 1009 1065 1038 pro
1081 999 1264 1038 parenthesi,
1281 1009 1366 1029 acer-

135 1045 188 1074 bus
212 1050 270 1074 cet.
296 1053 349 1081 pro
372 1043 505 1081 apodosi.
552 1041 731 1081 [Rusonem]
756 1042 922 1071 ‘Octavius
951 1043 1035 1072 Ruso
1061 1043 1188 1071 acerbus
1217 1042 1368 1071 fenerator

134 1096 199 1116 esse
239 1086 387 1119 traditur;
425 1085 506 1113 idem
543 1085 670 1122 scriptor
707 1085 920 1114 historiarum.’
965 1083 1368 1123 Porphyr.—(Cognomen

135 1129 220 1158 Ruso
250 1129 307 1157 fuit
337 1128 540 1162 Octaviorum,
571 1127 783 1163 Calvisiomm,
811 1125 996 1165 Occiorum.)
1042 1127 1071 1156 ls
1100 1127 1192 1164 igitur
1219 1126 1368 1156 invitabat

135 1171 297 1206 debitores,
314 1171 351 1198 ad
368 1170 535 1198 audiendas
550 1179 619 1198 suas
635 1170 795 1204 historias:
819 1169 871 1207 qui
895 1179 989 1208 quum
1011 1169 1155 1198 solvendo
1178 1179 1238 1198 non
1255 1175 1365 1204 essent,

135 1214 221 1251 quasi
247 1213 340 1242 coacti
366 1219 452 1241 erant
475 1212 551 1240 tristi
575 1212 744 1241 recitationi
760 1213 872 1246 adesse,
890 1221 928 1241 ne
943 1212 1028 1240 illum
1044 1211 1243 1240 offenderent.
1289 1209 1366 1250 [Ca-

135 1253 247 1294 lendoe]
273 1255 333 1285 Cfr.
360 1255 457 1293 Epod.
485 1255 514 1287 2,
539 1253 570 1283 in
597 1254 668 1283 fine.
715 1252 914 1293 [Mercedem]
947 1255 1072 1283 ‘usuras
1101 1259 1154 1283 aut
1181 1254 1369 1283 sortem!—

137 1296 231 1337 [umie
248 1295 338 1336 unde]
363 1307 417 1335 pro
439 1297 680 1334 ‘nndecunque.'
726 1295 883 1336 [Porrecto
896 1295 1022 1335 jugulo]
1047 1296 1132 1334 quasi
1156 1295 1276 1335 captivi,
1299 1295 1368 1334 qui-

135 1343 192 1370 bus
207 1347 297 1378 caput
313 1346 508 1368 truncaturus
523 1346 568 1368 est
585 1339 687 1368 victor.
700 1355 742 1360 —-
756 1337 926 1378 [historias]
954 1339 1019 1368 Hoc
1033 1339 1193 1376 significat,
1214 1339 1370 1367 Rusonem

136 1383 300 1422 pessimum
318 1384 493 1419 scriptorem
515 1381 691 1410 historicum
705 1391 767 1410 suae
783 1381 880 1411 aetatis
895 1381 997 1410 fuisse.
1009 1379 1183 1420 —-[aud1't]
1209 1380 1371 1410 Recitandi

137 1435 251 1455 morem
267 1425 430 1453 induxerat
449 1424 570 1453 Asinius
587 1424 689 1454 Pollio-

179 1468 313 1498 90—92.
340 1465 434 1506 [Quis
447 1464 553 1506 paria]
576 1467 691 1495 Stoicos
713 1465 818 1495 irridet
834 1466 912 1500 ideo,
928 1465 999 1503 quia
1021 1465 1086 1495 haec
1107 1475 1211 1494 eorum
1235 1463 1373 1494 doctrina

137 1511 240 1539 omnia
256 1516 378 1548 peccata
391 1519 455 1538 esse
469 1510 552 1547 paria
564 1518 668 1538 eorum
681 1514 844 1537 sectatores
856 1509 887 1537 in
900 1507 1102 1546 dijudicandis
1113 1507 1241 1537 aliorum
1255 1507 1372 1536 delictis

138 1553 306 1582 severiores
329 1552 455 1580 reddere
480 1552 604 1580 solebat.
649 1551 749 1580 Stoica
771 1551 863 1588 igitur
886 1550 1023 1580 doctrina
1045 1557 1231 1588 quantopere
1255 1555 1372 1578 naturae

138 1595 282 1624 humanae
298 1599 456 1631 repugnet,
477 1594 693 1632 Epicureorum
716 1594 897 1622 sententiam
921 1593 1100 1630 opponendo
1123 1593 1374 1621 demonstrat.—

141 1635 240 1676 [sere]
268 1635 503 1674 Particulaesere
524 1642 554 1664 et
564 1634 662 1674 ferme
678 1635 837 1673 designant
853 1635 883 1664 id
900 1637 981 1673 quod
1003 1635 1037 1663 fit
1056 1645 1111 1664 non
1127 1635 1247 1664 turbato
1261 1635 1372 1669 ordine.

138 1690 196 1709 non
221 1680 351 1708 admissa
377 1680 547 1713 mutatione,
569 1681 598 1707 in
625 1678 701 1706 omni
728 1677 1000 1715 tempora—Quod
1027 1676 1223 1706 Heindorfius
1253 1676 1374 1714 supplet

139 1723 246 1755 omnia,
262 1722 360 1750 inesse
376 1727 476 1758 posset
495 1721 524 1748 in
539 1719 689 1758 ipsosere,
706 1721 758 1748 sed
773 1720 802 1748 id
818 1730 878 1748 non
896 1719 1026 1758 pertinet
1041 1720 1078 1748 ad
1091 1721 1191 1757 paria,
1206 1719 1373 1756 significat-

140 1774 200 1802 que
215 1770 390 1792 consuetam
408 1773 469 1792 rem
487 1762 631 1800 (Hand).
676 1763 804 1800 Anglice
825 1769 940 1791 vertas:
962 1763 1128 1801 generally,
1143 1763 1174 1791 in
1186 1762 1318 1800 general.
1331 1776 1374 1782 --

142 1803 313 1846 [laborant]
339 1805 412 1843 ‘ipsi
430 1815 488 1833 non
505 1805 570 1833 sine
587 1805 719 1842 quzidam
736 1805 874 1834 molesti&
897 1805 1033 1834 sentiunt
1056 1814 1147 1842 quam
1170 1803 1321 1833 contraria
1335 1803 1375 1832 sit

141 1849 234 1878 vero!
248 1864 291 1868 —
305 1845 436 1887 [verum]
461 1849 525 1884 τήν
549 1845 668 1877 οὐσίαν
691 1847 757 1877 τῶν
781 1845 999 1887 πραγμάτων,
1021 1846 1169 1886 ‘realily‚’
1197 1846 1280 1875 ‘real
1301 1843 1374 1884 lise)

140 1907 184 1913 —
197 1888 330 1930 [seusus]
355 1891 362 1905 ‘
373 1890 543 1919 communis
558 1890 736 1919 bominum!
783 1890 859 1918 Aliis
875 1890 993 1918 videtur
1006 1890 1085 1927 plur.
1098 1905 1140 1910 —
1153 1886 1264 1928 [justi]
1286 1889 1374 1926 ‘quae

142 1934 228 1972 quasi
245 1939 351 1968 mater,
369 1933 399 1961 id
416 1939 470 1967 est,
487 1932 552 1961 fons
569 1939 660 1970 atque
673 1932 843 1971 origojusti
860 1938 939 1961 recte
955 1932 1012 1961 dici
1029 1931 1148 1970 potest!
1274 1941 1278 1944 ”

184 1975 318 2006 93-98.
346 1976 441 2007 Quum
463 1972 687 2013 prorepserunt]
716 1975 783 2003 Loci
805 1974 922 2004 similes
946 1975 983 2003 de
1006 1974 1104 2012 primo
1119 1972 1278 2002 hominum
1294 1976 1375 2002 statu

143 2025 214 2047 sunt
242 2018 346 2047 Critiae
375 2017 467 2046 Baclt.
495 2027 524 2055 p.
551 2017 601 2046 56.
635 2016 819 2046 Moschionis
850 2018 930 2055 apud
955 2017 1037 2046 Stob.
1069 2017 1103 2046 E.
1131 2016 1184 2045 Ph.
1208 2015 1227 2044 i.
1251 2025 1280 2054 p.
1305 2014 1378 2053 240,

92 2094 95 2099 ‚
145 2061 188 2091 H.
216 2060 336 2089 Lucret.
360 2061 390 2095 5,
417 2059 488 2094 788.
526 2059 643 2088 Vitruv.
674 2059 704 2094 2,
734 2056 1101 2098 l.——[primis-terris]
1137 2059 1229 2087 ‘nova
1257 2056 1375 2087 tellure'

149 2103 271 2132 Lucret.
287 2103 305 2131 l.
324 2099 579 2140 l.-—[animulia]
603 2102 641 2130 de
665 2101 840 2130 hominibus
863 2101 894 2130 in
915 2101 1019 2140 primis
1042 2101 1185 2140 loquitur.
1223 2096 1375 2139 [Mutum]

148 2145 232 2174 ‘sine
248 2145 352 2181 lingua
368 2144 548 2173 articulatim
573 2144 715 2172 distincta
735 2150 766 2172 et
789 2144 825 2172 ad
849 2153 896 2173 res
921 2144 1068 2173 notandas
1090 2143 1181 2182 apta)
1226 2142 1275 2171 Sic
1289 2146 1378 2170 mutae

146 2187 245 2216 bestia
264 2187 325 2216 Cic.
340 2187 377 2215 de
397 2185 483 2215 Finn.
501 2186 526 2221 l,
540 2186 589 2216 21.
603 2202 643 2207 -—
655 2184 777 2225 [pecus]
794 2187 802 2201 ‘
813 2187 969 2215 brutorum
985 2186 1080 2215 instar
1094 2185 1210 2214 ratione
1222 2182 1378 2213 carentes!

144 2245 187 2251 —
199 2227 369 2268 [glandem]
387 2229 471 2266 virg.
485 2230 539 2258 Ge.
558 2229 585 2264 1,
602 2228 638 2258 8:
664 2228 782 2266 (Liberi
799 2234 828 2258 et
844 2227 978 2266 Cereris)
990 2238 1106 2258 munere
1121 2228 1207 2257 tellus
1220 2226 1379 2256 Chaoniam

142 2273 252 2311 pingui
271 2273 410 2310 glandem
437 2273 560 2300 mutavit
583 2272 690 2300 arista.
730 2271 845 2300 Vitruv.
862 2272 882 2300 l.
898 2271 916 2300 l.
949 2271 1088 2300 Homines
1114 2270 1208 2300 veteri
1235 2278 1312 2298 more
1345 2271 1379 2296 ut

138 2312 220 2354 serae
250 2315 280 2342 in
309 2315 390 2342 silvis
420 2318 450 2344 et
477 2314 623 2352 speluncis
650 2318 679 2343 el
707 2314 871 2343 nemoribus
899 2314 1095 2343 nascebantur
1123 2313 1242 2351 ciboque
1266 2310 1381 2350 agresti

145 2357 284 2387 vescendo
317 2358 408 2386 vicum
446 2353 781 2396 exigebam—[usus]
821 2355 1030 2394 ‘indigentia-⁹
1071 2351 1386 2394 Senot—[verba—
