<?xml version="1.0" encoding="UTF-8"?>
<!DOCTYPE html PUBLIC "-//W3C//DTD XHTML 1.0 Transitional//EN"
    "http://www.w3.org/TR/xhtml1/DTD/xhtml1-transitional.dtd">
<html xmlns="http://www.w3.org/1999/xhtml" xml:lang="en" lang="en">
 <head>
  <title>
</title>
<meta http-equiv="Content-Type" content="text/html;charset=utf-8" />
  <meta name='ocr-system' content='tesseract 3.04.00' />
  <meta name='ocr-capabilities' content='ocr_page ocr_carea ocr_par ocr_line ocrx_word'/>
</head>
<body>
  <div class='ocr_page' id='page_1' title='image "./eclogaehoratiana02horauoft_0010.png"; bbox 0 0 1390 2586; ppageno 0'>
   <div class='ocr_carea' id='block_1_1' title="bbox 136 121 986 167">
    <p class='ocr_par' dir='ltr' id='par_1_1' title="bbox 136 121 986 167">
     <span class='ocr_line' id='line_1_1' title="bbox 136 121 986 167; baseline -0.007 0"><span class='ocrx_word' id='word_1_1' title='bbox 136 131 162 167; x_wconf 78' lang='lat'><strong>2</strong></span> <span class='ocrx_word' id='word_1_2' title='bbox 450 121 453 126; x_wconf 70' lang='grc'>’</span> <span class='ocrx_word' id='word_1_3' title='bbox 499 135 757 164; x_wconf 71' lang='lat' dir='ltr'>SATIRARUM</span> <span class='ocrx_word' id='word_1_4' title='bbox 790 135 874 162; x_wconf 73' lang='lat' dir='ltr'>Lm.</span> <span class='ocrx_word' id='word_1_5' title='bbox 897 135 925 162; x_wconf 90' lang='lat'>1.</span> <span class='ocrx_word' id='word_1_6' title='bbox 952 124 986 162; x_wconf 93' lang='lat' dir='ltr'>l.</span> 
     </span>
    </p>
   </div>
   <div class='ocr_carea' id='block_1_2' title="bbox 90 232 1373 2252">
    <p class='ocr_par' dir='ltr' id='par_1_2' title="bbox 138 232 1363 1298">
     <span class='ocr_line' id='line_1_2' title="bbox 141 232 1231 290; baseline -0.004 -12"><span class='ocrx_word' id='word_1_7' title='bbox 141 239 375 279; x_wconf 77' lang='lat' dir='ltr'>percurram</span> <span class='ocrx_word' id='word_1_8' title='bbox 393 252 401 276; x_wconf 76' lang='grc' dir='ltr'>ε</span> <span class='ocrx_word' id='word_1_9' title='bbox 442 238 700 290; x_wconf 85' lang='lat' dir='ltr'>(quamquam</span> <span class='ocrx_word' id='word_1_10' title='bbox 722 234 918 274; x_wconf 80' lang='lat' dir='ltr'>ridentem</span> <span class='ocrx_word' id='word_1_11' title='bbox 940 232 1072 273; x_wconf 84' lang='lat' dir='ltr'><strong>dicere</strong></span> <span class='ocrx_word' id='word_1_12' title='bbox 1093 247 1231 274; x_wconf 88' lang='lat' dir='ltr'>verum</span> 
     </span>
     <span class='ocr_line' id='line_1_3' title="bbox 139 288 1355 346; baseline -0.006 -11"><span class='ocrx_word' id='word_1_13' title='bbox 139 294 251 342; x_wconf 76' lang='lat' dir='ltr'>Quid</span> <span class='ocrx_word' id='word_1_14' title='bbox 274 293 410 334; x_wconf 79' lang='lat' dir='ltr'>vetat?</span> <span class='ocrx_word' id='word_1_15' title='bbox 443 302 485 332; x_wconf 84' lang='lat' dir='ltr'>ut</span> <span class='ocrx_word' id='word_1_16' title='bbox 505 292 638 346; x_wconf 89' lang='lat' dir='ltr'>pueris</span> <span class='ocrx_word' id='word_1_17' title='bbox 659 291 754 330; x_wconf 84' lang='lat' dir='ltr'>olim</span> <span class='ocrx_word' id='word_1_18' title='bbox 774 290 870 330; x_wconf 81' lang='lat' dir='ltr'>dant</span> <span class='ocrx_word' id='word_1_19' title='bbox 890 288 1064 330; x_wconf 88' lang='lat' dir='ltr'>crustula</span> <span class='ocrx_word' id='word_1_20' title='bbox 1083 289 1220 330; x_wconf 85' lang='lat' dir='ltr'>blandi</span> <span class='ocrx_word' id='word_1_21' title='bbox 1301 291 1355 329; x_wconf 74' lang='lat'>‘25</span> 
     </span>
     <span class='ocr_line' id='line_1_4' title="bbox 138 345 1142 399; baseline -0.005 -8"><span class='ocrx_word' id='word_1_22' title='bbox 138 350 348 397; x_wconf 75' lang='lat' dir='ltr'>Doctores,</span> <span class='ocrx_word' id='word_1_23' title='bbox 371 349 570 389; x_wconf 85' lang='lat' dir='ltr'>elementa</span> <span class='ocrx_word' id='word_1_24' title='bbox 591 347 716 387; x_wconf 87' lang='lat' dir='ltr'>velint</span> <span class='ocrx_word' id='word_1_25' title='bbox 736 354 780 387; x_wconf 85' lang='lat' dir='ltr'>ut</span> <span class='ocrx_word' id='word_1_26' title='bbox 799 346 950 386; x_wconf 84' lang='lat' dir='ltr'>discere</span> <span class='ocrx_word' id='word_1_27' title='bbox 973 345 1142 399; x_wconf 82' lang='lat' dir='ltr'>prima3)</span> 
     </span>
     <span class='ocr_line' id='line_1_5' title="bbox 139 401 1015 458; baseline -0.007 -12"><span class='ocrx_word' id='word_1_28' title='bbox 139 406 219 446; x_wconf 81' lang='lat' dir='ltr'>Sed</span> <span class='ocrx_word' id='word_1_29' title='bbox 241 414 371 446; x_wconf 84' lang='lat' dir='ltr'>tamen</span> <span class='ocrx_word' id='word_1_30' title='bbox 394 412 525 445; x_wconf 88' lang='lat' dir='ltr'>amoto</span> <span class='ocrx_word' id='word_1_31' title='bbox 546 417 768 458; x_wconf 78' lang='lat' dir='ltr'>quaeramus</span> <span class='ocrx_word' id='word_1_32' title='bbox 788 401 890 442; x_wconf 84' lang='lat' dir='ltr'>seria</span> <span class='ocrx_word' id='word_1_33' title='bbox 910 401 1015 441; x_wconf 91' lang='lat' dir='ltr'>ludo.</span> 
     </span>
     <span class='ocr_line' id='line_1_6' title="bbox 138 457 1088 516; baseline -0.004 -15"><span class='ocrx_word' id='word_1_34' title='bbox 138 461 226 510; x_wconf 81' lang='lat' dir='ltr'>Ille,</span> <span class='ocrx_word' id='word_1_35' title='bbox 248 476 412 516; x_wconf 70' lang='lat' dir='ltr'>gravem</span> <span class='ocrx_word' id='word_1_36' title='bbox 432 461 530 500; x_wconf 83' lang='lat' dir='ltr'>duro</span> <span class='ocrx_word' id='word_1_37' title='bbox 551 468 694 500; x_wconf 87' lang='lat' dir='ltr'>terram</span> <span class='ocrx_word' id='word_1_38' title='bbox 717 457 785 512; x_wconf 93' lang='lat' dir='ltr'>qui</span> <span class='ocrx_word' id='word_1_39' title='bbox 807 457 927 498; x_wconf 89' lang='lat' dir='ltr'>vertit</span> <span class='ocrx_word' id='word_1_40' title='bbox 946 465 1088 505; x_wconf 87' lang='lat' dir='ltr'>aratro,</span> 
     </span>
     <span class='ocr_line' id='line_1_7' title="bbox 140 515 1194 570; baseline -0.006 -12"><span class='ocrx_word' id='word_1_41' title='bbox 140 517 322 558; x_wconf 78' lang='lat' dir='ltr'>Perfidus</span> <span class='ocrx_word' id='word_1_42' title='bbox 344 518 406 557; x_wconf 86' lang='lat' dir='ltr'>hic</span> <span class='ocrx_word' id='word_1_43' title='bbox 427 531 564 570; x_wconf 82' lang='lat' dir='ltr'>caupo,</span> <span class='ocrx_word' id='word_1_44' title='bbox 587 515 713 562; x_wconf 85' lang='lat' dir='ltr'>miles,</span> <span class='ocrx_word' id='word_1_45' title='bbox 737 522 961 567; x_wconf 83' lang='lat' dir='ltr'>nautaeque,</span> <span class='ocrx_word' id='word_1_46' title='bbox 984 527 1057 567; x_wconf 89' lang='lat' dir='ltr'>per</span> <span class='ocrx_word' id='word_1_47' title='bbox 1076 526 1194 553; x_wconf 89' lang='lat' dir='ltr'>omne</span> 
     </span>
     <span class='ocr_line' id='line_1_8' title="bbox 140 569 1357 626; baseline -0.006 -12"><span class='ocrx_word' id='word_1_48' title='bbox 140 574 323 614; x_wconf 79' lang='lat' dir='ltr'>Audaces</span> <span class='ocrx_word' id='word_1_49' title='bbox 345 588 450 613; x_wconf 70' lang='lat' dir='ltr'>mare</span> <span class='ocrx_word' id='word_1_50' title='bbox 471 573 539 626; x_wconf 90' lang='lat' dir='ltr'>qui</span> <span class='ocrx_word' id='word_1_51' title='bbox 562 579 737 618; x_wconf 85' lang='lat' dir='ltr'>currunt,</span> <span class='ocrx_word' id='word_1_52' title='bbox 762 570 834 610; x_wconf 85' lang='lat' dir='ltr'>hac</span> <span class='ocrx_word' id='word_1_53' title='bbox 855 578 988 610; x_wconf 87' lang='lat' dir='ltr'>mente</span> <span class='ocrx_word' id='word_1_54' title='bbox 1011 569 1186 610; x_wconf 86' lang='lat' dir='ltr'>laborem</span> <span class='ocrx_word' id='word_1_55' title='bbox 1304 571 1357 608; x_wconf 82' lang='lat'>30</span> 
     </span>
     <span class='ocr_line' id='line_1_9' title="bbox 141 625 1068 677; baseline -0.006 -7"><span class='ocrx_word' id='word_1_56' title='bbox 141 630 237 670; x_wconf 83' lang='lat' dir='ltr'>Sese</span> <span class='ocrx_word' id='word_1_57' title='bbox 259 629 373 677; x_wconf 82' lang='lat' dir='ltr'>ferre,</span> <span class='ocrx_word' id='word_1_58' title='bbox 397 643 513 668; x_wconf 86' lang='lat' dir='ltr'>senes</span> <span class='ocrx_word' id='word_1_59' title='bbox 535 637 578 667; x_wconf 91' lang='lat' dir='ltr'>ut</span> <span class='ocrx_word' id='word_1_60' title='bbox 598 627 638 666; x_wconf 94' lang='lat' dir='ltr'>in</span> <span class='ocrx_word' id='word_1_61' title='bbox 660 626 741 666; x_wconf 86' lang='lat' dir='ltr'>otia</span> <span class='ocrx_word' id='word_1_62' title='bbox 761 634 848 666; x_wconf 89' lang='lat' dir='ltr'>tuta</span> <span class='ocrx_word' id='word_1_63' title='bbox 868 625 1068 673; x_wconf 82' lang='lat' dir='ltr'><strong>recedant,</strong></span> 
     </span>
     <span class='ocr_line' id='line_1_10' title="bbox 142 679 1163 739; baseline -0.005 -14"><span class='ocrx_word' id='word_1_64' title='bbox 142 686 282 733; x_wconf 84' lang='lat' dir='ltr'>Aiunt,</span> <span class='ocrx_word' id='word_1_65' title='bbox 308 698 429 739; x_wconf 89' lang='lat' dir='ltr'>quum</span> <span class='ocrx_word' id='word_1_66' title='bbox 451 684 526 724; x_wconf 83' lang='lat' dir='ltr'>sibi</span> <span class='ocrx_word' id='word_1_67' title='bbox 548 684 627 724; x_wconf 89' lang='lat' dir='ltr'>sint</span> <span class='ocrx_word' id='word_1_68' title='bbox 648 689 838 737; x_wconf 74' lang='lat' dir='ltr'>congestu</span> <span class='ocrx_word' id='word_1_69' title='bbox 858 680 1028 721; x_wconf 85' lang='lat' dir='ltr'>cibaria:</span> <span class='ocrx_word' id='word_1_70' title='bbox 1059 679 1163 721; x_wconf 84' lang='lat' dir='ltr'>sicut</span> 
     </span>
     <span class='ocr_line' id='line_1_11' title="bbox 143 735 1259 794; baseline -0.004 -13"><span class='ocrx_word' id='word_1_71' title='bbox 143 741 313 781; x_wconf 79' lang='lat' dir='ltr'>Parvula</span> <span class='ocrx_word' id='word_1_72' title='bbox 337 744 444 794; x_wconf 76' lang='lat' dir='ltr'>(narn</span> <span class='ocrx_word' id='word_1_73' title='bbox 467 739 652 793; x_wconf 82' lang='lat' dir='ltr'>exemplo</span> <span class='ocrx_word' id='word_1_74' title='bbox 673 741 750 790; x_wconf 85' lang='lat' dir='ltr'>est)</span> <span class='ocrx_word' id='word_1_75' title='bbox 776 737 911 792; x_wconf 84' lang='lat' dir='ltr'>magui</span> <span class='ocrx_word' id='word_1_76' title='bbox 932 737 1096 778; x_wconf 85' lang='lat' dir='ltr'>formica</span> <span class='ocrx_word' id='word_1_77' title='bbox 1115 735 1259 777; x_wconf 85' lang='lat' dir='ltr'>laboris</span> 
     </span>
     <span class='ocr_line' id='line_1_12' title="bbox 142 792 1280 851; baseline -0.004 -14"><span class='ocrx_word' id='word_1_78' title='bbox 142 797 226 837; x_wconf 84' lang='lat' dir='ltr'>Ore</span> <span class='ocrx_word' id='word_1_79' title='bbox 249 797 379 845; x_wconf 82' lang='lat' dir='ltr'>trahit,</span> <span class='ocrx_word' id='word_1_80' title='bbox 402 797 667 851; x_wconf 87' lang='lat' dir='ltr'>quodcunque</span> <span class='ocrx_word' id='word_1_81' title='bbox 689 803 833 848; x_wconf 88' lang='lat' dir='ltr'>potest,</span> <span class='ocrx_word' id='word_1_82' title='bbox 854 802 976 847; x_wconf 85' lang='lat' dir='ltr'>atque</span> <span class='ocrx_word' id='word_1_83' title='bbox 996 792 1107 834; x_wconf 83' lang='lat' dir='ltr'>addit</span> <span class='ocrx_word' id='word_1_84' title='bbox 1125 806 1280 841; x_wconf 86' lang='lat' dir='ltr'>acervo,</span> 
     </span>
     <span class='ocr_line' id='line_1_13' title="bbox 142 847 1359 906; baseline -0.005 -13"><span class='ocrx_word' id='word_1_85' title='bbox 142 852 277 900; x_wconf 83' lang='lat' dir='ltr'><strong>Quem</strong></span> <span class='ocrx_word' id='word_1_86' title='bbox 299 853 428 900; x_wconf 81' lang='lat' dir='ltr'>struit,</span> <span class='ocrx_word' id='word_1_87' title='bbox 452 851 555 892; x_wconf 86' lang='lat' dir='ltr'>haud</span> <span class='ocrx_word' id='word_1_88' title='bbox 576 852 715 906; x_wconf 84' lang='lat' dir='ltr'>ignara</span> <span class='ocrx_word' id='word_1_89' title='bbox 733 865 779 890; x_wconf 86' lang='lat' dir='ltr'>ac</span> <span class='ocrx_word' id='word_1_90' title='bbox 799 864 879 890; x_wconf 88' lang='lat' dir='ltr'>non</span> <span class='ocrx_word' id='word_1_91' title='bbox 900 849 1060 890; x_wconf 84' lang='lat' dir='ltr'>incauta</span> <span class='ocrx_word' id='word_1_92' title='bbox 1079 847 1214 889; x_wconf 89' lang='lat' dir='ltr'>futuri.</span> <span class='ocrx_word' id='word_1_93' title='bbox 1306 850 1359 888; x_wconf 84' lang='lat'>35</span> 
     </span>
     <span class='ocr_line' id='line_1_14' title="bbox 143 905 1254 960; baseline -0.005 -11"><span class='ocrx_word' id='word_1_94' title='bbox 143 909 260 958; x_wconf 83' lang='lat' dir='ltr'>Quae,</span> <span class='ocrx_word' id='word_1_95' title='bbox 283 909 400 949; x_wconf 90' lang='lat' dir='ltr'>simul</span> <span class='ocrx_word' id='word_1_96' title='bbox 421 909 620 948; x_wconf 88' lang='lat' dir='ltr'>inversum</span> <span class='ocrx_word' id='word_1_97' title='bbox 642 906 849 947; x_wconf 84' lang='lat' dir='ltr'>contristat</span> <span class='ocrx_word' id='word_1_98' title='bbox 871 905 1072 960; x_wconf 82' lang='lat' dir='ltr'>Aquarius</span> <span class='ocrx_word' id='word_1_99' title='bbox 1090 919 1254 953; x_wconf 83' lang='lat' dir='ltr'>annum,</span> 
     </span>
     <span class='ocr_line' id='line_1_15' title="bbox 146 961 1056 1019; baseline -0.004 -14"><span class='ocrx_word' id='word_1_100' title='bbox 146 965 237 1005; x_wconf 92' lang='lat' dir='ltr'>Non</span> <span class='ocrx_word' id='word_1_101' title='bbox 260 980 424 1019; x_wconf 83' lang='lat' dir='ltr'>usquam</span> <span class='ocrx_word' id='word_1_102' title='bbox 447 963 636 1018; x_wconf 77' lang='lat' dir='ltr'>prorepit,</span> <span class='ocrx_word' id='word_1_103' title='bbox 660 971 702 1003; x_wconf 84' lang='lat' dir='ltr'>et</span> <span class='ocrx_word' id='word_1_104' title='bbox 721 962 798 1003; x_wconf 86' lang='lat' dir='ltr'>illis</span> <span class='ocrx_word' id='word_1_105' title='bbox 821 961 944 1003; x_wconf 88' lang='lat' dir='ltr'>utitur</span> <span class='ocrx_word' id='word_1_106' title='bbox 963 969 1056 1002; x_wconf 84' lang='lat' dir='ltr'>ante</span> 
     </span>
     <span class='ocr_line' id='line_1_16' title="bbox 143 1017 1239 1075; baseline -0.004 -14"><span class='ocrx_word' id='word_1_107' title='bbox 143 1021 334 1069; x_wconf 72' lang='lat' dir='ltr'>Quaesitis</span> <span class='ocrx_word' id='word_1_108' title='bbox 354 1021 536 1075; x_wconf 82' lang='lat' dir='ltr'>sapiens3</span> <span class='ocrx_word' id='word_1_109' title='bbox 568 1034 691 1074; x_wconf 90' lang='lat' dir='ltr'>quum</span> <span class='ocrx_word' id='word_1_110' title='bbox 713 1028 752 1059; x_wconf 87' lang='lat' dir='ltr'>te</span> <span class='ocrx_word' id='word_1_111' title='bbox 775 1032 906 1072; x_wconf 91' lang='lat' dir='ltr'>neque</span> <span class='ocrx_word' id='word_1_112' title='bbox 926 1017 1101 1058; x_wconf 89' lang='lat' dir='ltr'>fervidus</span> <span class='ocrx_word' id='word_1_113' title='bbox 1121 1024 1239 1057; x_wconf 83' lang='lat' dir='ltr'>aestus</span> 
     </span>
     <span class='ocr_line' id='line_1_17' title="bbox 143 1073 1306 1130; baseline -0.005 -12"><span class='ocrx_word' id='word_1_114' title='bbox 143 1078 371 1118; x_wconf 83' lang='lat' dir='ltr'>Demoveat</span> <span class='ocrx_word' id='word_1_115' title='bbox 393 1078 513 1124; x_wconf 86' lang='lat' dir='ltr'>lucro,</span> <span class='ocrx_word' id='word_1_116' title='bbox 536 1091 669 1130; x_wconf 84' lang='lat' dir='ltr'>neque</span> <span class='ocrx_word' id='word_1_117' title='bbox 692 1075 831 1121; x_wconf 87' lang='lat' dir='ltr'>hiems,</span> <span class='ocrx_word' id='word_1_118' title='bbox 852 1074 970 1128; x_wconf 85' lang='lat' dir='ltr'>ignis,</span> <span class='ocrx_word' id='word_1_119' title='bbox 993 1087 1112 1122; x_wconf 87' lang='lat' dir='ltr'>mare,</span> <span class='ocrx_word' id='word_1_120' title='bbox 1134 1073 1306 1121; x_wconf 84' lang='lat' dir='ltr'>ferrum3</span> 
     </span>
     <span class='ocr_line' id='line_1_18' title="bbox 146 1130 1363 1182; baseline -0.004 -9"><span class='ocrx_word' id='word_1_121' title='bbox 146 1134 212 1173; x_wconf 86' lang='lat' dir='ltr'>Nil</span> <span class='ocrx_word' id='word_1_122' title='bbox 235 1134 365 1174; x_wconf 84' lang='lat' dir='ltr'>obstet</span> <span class='ocrx_word' id='word_1_123' title='bbox 386 1132 471 1182; x_wconf 78' lang='lat' dir='ltr'>tibi,</span> <span class='ocrx_word' id='word_1_124' title='bbox 494 1132 586 1172; x_wconf 88' lang='lat' dir='ltr'>dum</span> <span class='ocrx_word' id='word_1_125' title='bbox 610 1147 660 1171; x_wconf 91' lang='lat' dir='ltr'>ne</span> <span class='ocrx_word' id='word_1_126' title='bbox 681 1131 732 1171; x_wconf 90' lang='lat' dir='ltr'>sit</span> <span class='ocrx_word' id='word_1_127' title='bbox 752 1140 791 1171; x_wconf 87' lang='lat' dir='ltr'>te</span> <span class='ocrx_word' id='word_1_128' title='bbox 811 1131 930 1170; x_wconf 89' lang='lat' dir='ltr'>ditior</span> <span class='ocrx_word' id='word_1_129' title='bbox 949 1130 1061 1171; x_wconf 84' lang='lat' dir='ltr'>alter.</span> <span class='ocrx_word' id='word_1_130' title='bbox 1309 1132 1363 1169; x_wconf 87' lang='lat'>40</span> 
     </span>
     <span class='ocr_line' id='line_1_19' title="bbox 143 1185 1224 1243; baseline -0.004 -14"><span class='ocrx_word' id='word_1_131' title='bbox 143 1189 252 1237; x_wconf 75' lang='lat' dir='ltr'>Quid</span> <span class='ocrx_word' id='word_1_132' title='bbox 269 1191 385 1243; x_wconf 76' lang='lat' dir='ltr'>juvat</span> <span class='ocrx_word' id='word_1_133' title='bbox 406 1190 642 1228; x_wconf 86' lang='lat' dir='ltr'>immensum</span> <span class='ocrx_word' id='word_1_134' title='bbox 667 1197 705 1228; x_wconf 87' lang='lat' dir='ltr'>te</span> <span class='ocrx_word' id='word_1_135' title='bbox 726 1186 883 1241; x_wconf 83' lang='lat' dir='ltr'>argenti</span> <span class='ocrx_word' id='word_1_136' title='bbox 905 1185 1059 1241; x_wconf 85' lang='lat' dir='ltr'>pondus</span> <span class='ocrx_word' id='word_1_137' title='bbox 1079 1193 1120 1226; x_wconf 88' lang='lat' dir='ltr'>et</span> <span class='ocrx_word' id='word_1_138' title='bbox 1138 1185 1224 1226; x_wconf 83' lang='lat' dir='ltr'>auri</span> 
     </span>
     <span class='ocr_line' id='line_1_20' title="bbox 143 1240 1058 1298; baseline -0.004 -12"><span class='ocrx_word' id='word_1_139' title='bbox 143 1246 296 1286; x_wconf 87' lang='lat' dir='ltr'>Furtim</span> <span class='ocrx_word' id='word_1_140' title='bbox 319 1245 471 1285; x_wconf 64' lang='lat' dir='ltr'>defossa</span> <span class='ocrx_word' id='word_1_141' title='bbox 493 1244 674 1285; x_wconf 87' lang='lat' dir='ltr'>timidum</span> <span class='ocrx_word' id='word_1_142' title='bbox 697 1243 898 1298; x_wconf 86' lang='lat' dir='ltr'><strong>deponere</strong></span> <span class='ocrx_word' id='word_1_143' title='bbox 919 1240 1058 1283; x_wconf 59' lang='lat' dir='ltr'>terra?</span> 
     </span>
    </p>

    <p class='ocr_par' dir='ltr' id='par_1_3' title="bbox 95 1287 1373 1523">
     <span class='ocr_line' id='line_1_21' title="bbox 95 1287 1229 1354; baseline -0.004 -13"><span class='ocrx_word' id='word_1_144' title='bbox 95 1287 124 1319; x_wconf 46' lang='lat'><strong>³</strong></span> <span class='ocrx_word' id='word_1_145' title='bbox 142 1302 325 1349; x_wconf 79' lang='lat' dir='ltr'>Quod-si</span> <span class='ocrx_word' id='word_1_146' title='bbox 339 1301 596 1349; x_wconf 80' lang='lat' dir='ltr'>comminuas,</span> <span class='ocrx_word' id='word_1_147' title='bbox 619 1300 738 1340; x_wconf 88' lang='lat' dir='ltr'>vilem</span> <span class='ocrx_word' id='word_1_148' title='bbox 762 1299 965 1354; x_wconf 83' lang='lat' dir='ltr'>redigatur</span> <span class='ocrx_word' id='word_1_149' title='bbox 983 1298 1034 1339; x_wconf 84' lang='lat' dir='ltr'>ad</span> <span class='ocrx_word' id='word_1_150' title='bbox 1053 1289 1229 1338; x_wconf 77' lang='lat' dir='ltr'>assem.’&#39;</span> 
     </span>
     <span class='ocr_line' id='line_1_22' title="bbox 142 1350 1336 1411; baseline -0.004 -13"><span class='ocrx_word' id='word_1_151' title='bbox 142 1360 211 1405; x_wconf 89' lang='lat' dir='ltr'>At,</span> <span class='ocrx_word' id='word_1_152' title='bbox 235 1359 275 1397; x_wconf 89' lang='lat' dir='ltr'>ni</span> <span class='ocrx_word' id='word_1_153' title='bbox 297 1358 335 1397; x_wconf 91' lang='lat' dir='ltr'>id</span> <span class='ocrx_word' id='word_1_154' title='bbox 358 1357 413 1405; x_wconf 86' lang='lat' dir='ltr'>fit,</span> <span class='ocrx_word' id='word_1_155' title='bbox 436 1357 532 1411; x_wconf 87' lang='lat' dir='ltr'>quid</span> <span class='ocrx_word' id='word_1_156' title='bbox 554 1357 675 1397; x_wconf 84' lang='lat' dir='ltr'>habet</span> <span class='ocrx_word' id='word_1_157' title='bbox 694 1355 851 1410; x_wconf 84' lang='lat' dir='ltr'>pulchri</span> <span class='ocrx_word' id='word_1_158' title='bbox 872 1362 1120 1396; x_wconf 81' lang='lat' dir='ltr'>constructus</span> <span class='ocrx_word' id='word_1_159' title='bbox 1139 1350 1336 1394; x_wconf 85' lang='lat' dir='ltr'>acervus?</span> 
     </span>
     <span class='ocr_line' id='line_1_23' title="bbox 145 1411 1373 1459; baseline -0.004 -6"><span class='ocrx_word' id='word_1_160' title='bbox 145 1414 278 1454; x_wconf 81' lang='lat' dir='ltr'>Millia</span> <span class='ocrx_word' id='word_1_161' title='bbox 299 1414 488 1453; x_wconf 85' lang='lat' dir='ltr'>frumenti</span> <span class='ocrx_word' id='word_1_162' title='bbox 510 1422 577 1454; x_wconf 86' lang='lat' dir='ltr'>tua</span> <span class='ocrx_word' id='word_1_163' title='bbox 599 1412 753 1453; x_wconf 87' lang='lat' dir='ltr'>triverit</span> <span class='ocrx_word' id='word_1_164' title='bbox 771 1426 864 1452; x_wconf 86' lang='lat' dir='ltr'>area</span> <span class='ocrx_word' id='word_1_165' title='bbox 883 1418 1059 1459; x_wconf 81' lang='lat' dir='ltr'>centum,</span> <span class='ocrx_word' id='word_1_166' title='bbox 1310 1411 1373 1459; x_wconf 50' lang='lat'>45,</span> 
     </span>
     <span class='ocr_line' id='line_1_24' title="bbox 144 1465 1232 1523; baseline -0.004 -13"><span class='ocrx_word' id='word_1_167' title='bbox 144 1470 237 1510; x_wconf 84' lang='lat' dir='ltr'>Non</span> <span class='ocrx_word' id='word_1_168' title='bbox 259 1479 349 1510; x_wconf 85' lang='lat' dir='ltr'>tuus</span> <span class='ocrx_word' id='word_1_169' title='bbox 372 1470 443 1509; x_wconf 85' lang='lat' dir='ltr'>hoc</span> <span class='ocrx_word' id='word_1_170' title='bbox 465 1470 596 1523; x_wconf 77' lang='lat' dir='ltr'>capiet</span> <span class='ocrx_word' id='word_1_171' title='bbox 617 1477 755 1509; x_wconf 90' lang='lat' dir='ltr'>venter</span> <span class='ocrx_word' id='word_1_172' title='bbox 776 1468 878 1522; x_wconf 88' lang='lat' dir='ltr'>plus,</span> <span class='ocrx_word' id='word_1_173' title='bbox 899 1482 946 1508; x_wconf 88' lang='lat' dir='ltr'>ac</span> <span class='ocrx_word' id='word_1_174' title='bbox 965 1480 1102 1507; x_wconf 86' lang='lat' dir='ltr'>meus:</span> <span class='ocrx_word' id='word_1_175' title='bbox 1136 1474 1180 1507; x_wconf 90' lang='lat' dir='ltr'>ut</span> <span class='ocrx_word' id='word_1_176' title='bbox 1198 1465 1232 1506; x_wconf 89' lang='lat' dir='ltr'>si</span> 
     </span>
    </p>

    <p class='ocr_par' dir='ltr' id='par_1_4' title="bbox 90 1525 1366 2252">
     <span class='ocr_line' id='line_1_25' title="bbox 90 1525 984 1579; baseline -0.002 -13"><span class='ocrx_word' id='word_1_177' title='bbox 90 1543 92 1545; x_wconf 52' lang='lat'><em>&#39;</em></span> <span class='ocrx_word' id='word_1_178' title='bbox 146 1526 376 1566; x_wconf 79' lang='lat' dir='ltr'>Reticulum</span> <span class='ocrx_word' id='word_1_179' title='bbox 401 1526 511 1579; x_wconf 79' lang='lat' dir='ltr'>punis</span> <span class='ocrx_word' id='word_1_180' title='bbox 534 1525 693 1570; x_wconf 70' lang='lat' dir='ltr'>venales</span> <span class='ocrx_word' id='word_1_181' title='bbox 714 1525 821 1565; x_wconf 82' lang='lat' dir='ltr'>inter</span> <span class='ocrx_word' id='word_1_182' title='bbox 841 1531 984 1564; x_wconf 87' lang='lat' dir='ltr'>onusto</span> 
     </span>
     <span class='ocr_line' id='line_1_26' title="bbox 145 1578 1209 1634; baseline -0.005 -12"><span class='ocrx_word' id='word_1_183' title='bbox 145 1582 265 1623; x_wconf 85' lang='lat' dir='ltr'>Forte</span> <span class='ocrx_word' id='word_1_184' title='bbox 290 1582 407 1622; x_wconf 81' lang='lat' dir='ltr'>vehas</span> <span class='ocrx_word' id='word_1_185' title='bbox 428 1583 604 1629; x_wconf 83' lang='lat' dir='ltr'>humero,</span> <span class='ocrx_word' id='word_1_186' title='bbox 628 1580 753 1621; x_wconf 84' lang='lat' dir='ltr'>nihilo</span> <span class='ocrx_word' id='word_1_187' title='bbox 773 1581 862 1634; x_wconf 91' lang='lat' dir='ltr'>plus</span> <span class='ocrx_word' id='word_1_188' title='bbox 881 1578 1064 1634; x_wconf 84' lang='lat' dir='ltr'>accipias,</span> <span class='ocrx_word' id='word_1_189' title='bbox 1088 1592 1209 1632; x_wconf 87' lang='lat' dir='ltr'>quam</span> 
     </span>
     <span class='ocr_line' id='line_1_27' title="bbox 146 1635 1145 1692; baseline -0.003 -14"><span class='ocrx_word' id='word_1_190' title='bbox 146 1638 231 1686; x_wconf 84' lang='lat' dir='ltr'>Qui</span> <span class='ocrx_word' id='word_1_191' title='bbox 252 1638 308 1678; x_wconf 91' lang='lat' dir='ltr'>nil</span> <span class='ocrx_word' id='word_1_192' title='bbox 329 1637 505 1692; x_wconf 87' lang='lat' dir='ltr'>portarit.</span> <span class='ocrx_word' id='word_1_193' title='bbox 560 1637 639 1684; x_wconf 80' lang='lat' dir='ltr'>Vel</span> <span class='ocrx_word' id='word_1_194' title='bbox 659 1636 854 1691; x_wconf 32' lang='lat' dir='ltr'>diesquid</span> <span class='ocrx_word' id='word_1_195' title='bbox 876 1635 1023 1676; x_wconf 87' lang='lat' dir='ltr'>referat</span> <span class='ocrx_word' id='word_1_196' title='bbox 1040 1635 1145 1676; x_wconf 86' lang='lat' dir='ltr'>intra</span> 
     </span>
     <span class='ocr_line' id='line_1_28' title="bbox 148 1691 1365 1748; baseline -0.005 -14"><span class='ocrx_word' id='word_1_197' title='bbox 148 1694 312 1735; x_wconf 75' lang='lat' dir='ltr'>Naturae</span> <span class='ocrx_word' id='word_1_198' title='bbox 333 1695 431 1735; x_wconf 87' lang='lat' dir='ltr'>fines</span> <span class='ocrx_word' id='word_1_199' title='bbox 452 1693 615 1742; x_wconf 84' lang='lat' dir='ltr'>viventi,</span> <span class='ocrx_word' id='word_1_200' title='bbox 634 1694 780 1748; x_wconf 80' lang='lat' dir='ltr'>jugera</span> <span class='ocrx_word' id='word_1_201' title='bbox 800 1700 892 1733; x_wconf 87' lang='lat' dir='ltr'>cent</span> <span class='ocrx_word' id='word_1_202' title='bbox 923 1706 960 1731; x_wconf 91' lang='lat' dir='ltr'>m</span> <span class='ocrx_word' id='word_1_203' title='bbox 981 1705 1032 1732; x_wconf 90' lang='lat' dir='ltr'>an</span> <span class='ocrx_word' id='word_1_204' title='bbox 1311 1691 1365 1729; x_wconf 87' lang='lat'>50</span> 
     </span>
     <span class='ocr_line' id='line_1_29' title="bbox 148 1707 1332 1803; baseline -0.004 -13"><span class='ocrx_word' id='word_1_205' title='bbox 148 1750 268 1791; x_wconf 88' lang='lat' dir='ltr'>Mille</span> <span class='ocrx_word' id='word_1_206' title='bbox 288 1749 406 1790; x_wconf 81' lang='lat' dir='ltr'>aret?</span> <span class='ocrx_word' id='word_1_207' title='bbox 441 1748 522 1790; x_wconf 71' lang='lat' dir='ltr'>“At</span> <span class='ocrx_word' id='word_1_208' title='bbox 541 1764 660 1790; x_wconf 83' lang='lat' dir='ltr'>suave</span> <span class='ocrx_word' id='word_1_209' title='bbox 682 1757 752 1794; x_wconf 61' lang='lat' dir='ltr'>ests</span> <span class='ocrx_word' id='word_1_210' title='bbox 762 1763 812 1789; x_wconf 83' lang='lat' dir='ltr'>ex</span> <span class='ocrx_word' id='word_1_211' title='bbox 835 1707 980 1802; x_wconf 36' lang='lat' dir='ltr'>maluo</span> <span class='ocrx_word' id='word_1_212' title='bbox 1001 1746 1141 1788; x_wconf 89' lang='lat' dir='ltr'>tollere</span> <span class='ocrx_word' id='word_1_213' title='bbox 1160 1730 1332 1803; x_wconf 54' lang='lat' dir='ltr'>aeervoi&#39;</span> 
     </span>
     <span class='ocr_line' id='line_1_30' title="bbox 148 1801 1291 1860; baseline -0.003 -14"><span class='ocrx_word' id='word_1_214' title='bbox 148 1807 260 1846; x_wconf 85' lang='lat' dir='ltr'>Dum</span> <span class='ocrx_word' id='word_1_215' title='bbox 283 1821 333 1846; x_wconf 87' lang='lat' dir='ltr'>ex</span> <span class='ocrx_word' id='word_1_216' title='bbox 354 1820 475 1860; x_wconf 87' lang='lat' dir='ltr'>parvo</span> <span class='ocrx_word' id='word_1_217' title='bbox 496 1805 608 1846; x_wconf 89' lang='lat' dir='ltr'>nobis</span> <span class='ocrx_word' id='word_1_218' title='bbox 630 1802 1056 1849; x_wconf 23' lang='lat' dir='ltr'>tantumdemeha‘hrire</span> <span class='ocrx_word' id='word_1_219' title='bbox 1076 1801 1291 1856; x_wconf 85' lang='lat' dir='ltr'>relinquas,</span> 
     </span>
     <span class='ocr_line' id='line_1_31' title="bbox 149 1857 1228 1916; baseline -0.003 -14"><span class='ocrx_word' id='word_1_220' title='bbox 149 1865 233 1902; x_wconf 75' lang='lat' dir='ltr'>Cur</span> <span class='ocrx_word' id='word_1_221' title='bbox 254 1871 322 1903; x_wconf 86' lang='lat' dir='ltr'>tua</span> <span class='ocrx_word' id='word_1_222' title='bbox 343 1862 430 1916; x_wconf 92' lang='lat' dir='ltr'>plus</span> <span class='ocrx_word' id='word_1_223' title='bbox 451 1861 586 1902; x_wconf 87' lang='lat' dir='ltr'>laudes</span> <span class='ocrx_word' id='word_1_224' title='bbox 607 1861 777 1902; x_wconf 81' lang='lat' dir='ltr'>cumeris</span> <span class='ocrx_word' id='word_1_225' title='bbox 796 1860 980 1916; x_wconf 83' lang='lat' dir='ltr'>granaria</span> <span class='ocrx_word' id='word_1_226' title='bbox 999 1857 1176 1900; x_wconf 81' lang='lat' dir='ltr'>nostris?</span> <span class='ocrx_word' id='word_1_227' title='bbox 1207 1899 1228 1912; x_wconf 15' lang='grc' dir='ltr'>,Α</span> 
     </span>
     <span class='ocr_line' id='line_1_32' title="bbox 149 1915 1128 1972; baseline -0.003 -13"><span class='ocrx_word' id='word_1_228' title='bbox 149 1919 208 1959; x_wconf 88' lang='lat' dir='ltr'>Ut</span> <span class='ocrx_word' id='word_1_229' title='bbox 229 1919 300 1959; x_wconf 89' lang='lat' dir='ltr'>tibi</span> <span class='ocrx_word' id='word_1_230' title='bbox 320 1919 353 1958; x_wconf 88' lang='lat' dir='ltr'>si</span> <span class='ocrx_word' id='word_1_231' title='bbox 373 1918 424 1964; x_wconf 82' lang='lat' dir='ltr'>sit</span> <span class='ocrx_word' id='word_1_232' title='bbox 443 1933 543 1972; x_wconf 88' lang='lat' dir='ltr'>opus</span> <span class='ocrx_word' id='word_1_233' title='bbox 564 1918 703 1972; x_wconf 87' lang='lat' dir='ltr'>liquidi</span> <span class='ocrx_word' id='word_1_234' title='bbox 724 1932 803 1957; x_wconf 89' lang='lat' dir='ltr'>non</span> <span class='ocrx_word' id='word_1_235' title='bbox 824 1916 994 1971; x_wconf 86' lang='lat' dir='ltr'>amplius</span> <span class='ocrx_word' id='word_1_236' title='bbox 1014 1915 1128 1964; x_wconf 62' lang='lat' dir='ltr'>urna,</span> 
     </span>
     <span class='ocr_line' id='line_1_33' title="bbox 148 1969 1366 2030; baseline -0.002 -17"><span class='ocrx_word' id='word_1_237' title='bbox 148 1975 225 2014; x_wconf 79' lang='lat' dir='ltr'>Vel</span> <span class='ocrx_word' id='word_1_238' title='bbox 246 1975 404 2030; x_wconf 67' lang='lat' dir='ltr'>cyathQ</span> <span class='ocrx_word' id='word_1_239' title='bbox 427 1982 468 2014; x_wconf 90' lang='lat' dir='ltr'>et</span> <span class='ocrx_word' id='word_1_240' title='bbox 487 1974 592 2014; x_wconf 83' lang='lat' dir='ltr'>dicas</span> <span class='ocrx_word' id='word_1_241' title='bbox 610 1989 618 2013; x_wconf 80' lang='lat' dir='ltr'><strong><em>z</em></strong></span> <span class='ocrx_word' id='word_1_242' title='bbox 657 1973 815 2028; x_wconf 81' lang='lat' dir='ltr'>Magno</span> <span class='ocrx_word' id='word_1_243' title='bbox 836 1973 885 2013; x_wconf 91' lang='lat' dir='ltr'>de</span> <span class='ocrx_word' id='word_1_244' title='bbox 906 1972 1072 2013; x_wconf 81' lang='lat' dir='ltr'>flumine</span> <span class='ocrx_word' id='word_1_245' title='bbox 1092 1969 1265 2017; x_wconf 87' lang='lat' dir='ltr'>mallem,</span> <span class='ocrx_word' id='word_1_246' title='bbox 1313 1970 1366 2011; x_wconf 84' lang='lat'>55</span> 
     </span>
     <span class='ocr_line' id='line_1_34' title="bbox 149 2023 1326 2078; baseline -0.004 -8"><span class='ocrx_word' id='word_1_247' title='bbox 149 2031 282 2078; x_wconf 77' lang='lat' dir='ltr'>Quam</span> <span class='ocrx_word' id='word_1_248' title='bbox 305 2045 355 2070; x_wconf 83' lang='lat' dir='ltr'>ex</span> <span class='ocrx_word' id='word_1_249' title='bbox 378 2030 450 2070; x_wconf 82' lang='lat' dir='ltr'>hoc</span> <span class='ocrx_word' id='word_1_250' title='bbox 471 2029 664 2070; x_wconf 86' lang='lat' dir='ltr'>fonticulo</span> <span class='ocrx_word' id='word_1_251' title='bbox 687 2025 933 2070; x_wconf 46' lang='lat' dir='ltr'>tantumdem</span> <span class='ocrx_word' id='word_1_252' title='bbox 955 2041 1124 2070; x_wconf 85' lang='lat' dir='ltr'>sumere.</span> <span class='ocrx_word' id='word_1_253' title='bbox 1185 2024 1248 2066; x_wconf 89' lang='lat' dir='ltr'>Eo</span> <span class='ocrx_word' id='word_1_254' title='bbox 1267 2023 1326 2072; x_wconf 77' lang='lat' dir='ltr'>fit,</span> 
     </span>
     <span class='ocr_line' id='line_1_35' title="bbox 151 2085 1015 2140; baseline -0.001 -13"><span class='ocrx_word' id='word_1_255' title='bbox 151 2087 313 2127; x_wconf 73' lang='lat' dir='ltr'>Plenior</span> <span class='ocrx_word' id='word_1_256' title='bbox 336 2094 378 2127; x_wconf 90' lang='lat' dir='ltr'>ut</span> <span class='ocrx_word' id='word_1_257' title='bbox 397 2085 429 2126; x_wconf 91' lang='lat' dir='ltr'>si</span> <span class='ocrx_word' id='word_1_258' title='bbox 451 2100 550 2140; x_wconf 89' lang='lat' dir='ltr'>quos</span> <span class='ocrx_word' id='word_1_259' title='bbox 570 2085 742 2126; x_wconf 85' lang='lat' dir='ltr'>delectet</span> <span class='ocrx_word' id='word_1_260' title='bbox 763 2085 877 2140; x_wconf 85' lang='lat' dir='ltr'>copia</span> <span class='ocrx_word' id='word_1_261' title='bbox 890 2086 1015 2140; x_wconf 79' lang='lat' dir='ltr'>JustO,</span> 
     </span>
     <span class='ocr_line' id='line_1_36' title="bbox 150 2141 1136 2196; baseline -0.004 -13"><span class='ocrx_word' id='word_1_262' title='bbox 150 2143 253 2188; x_wconf 81' lang='lat' dir='ltr'>Cum</span> <span class='ocrx_word' id='word_1_263' title='bbox 276 2143 361 2196; x_wconf 63' lang='lat' dir='ltr'>ripa</span> <span class='ocrx_word' id='word_1_264' title='bbox 382 2141 500 2182; x_wconf 88' lang='lat' dir='ltr'>simul</span> <span class='ocrx_word' id='word_1_265' title='bbox 519 2142 675 2182; x_wconf 85' lang='lat' dir='ltr'>avulsos</span> <span class='ocrx_word' id='word_1_266' title='bbox 694 2142 796 2182; x_wconf 84' lang='lat' dir='ltr'>ferat</span> <span class='ocrx_word' id='word_1_267' title='bbox 818 2141 988 2182; x_wconf 90' lang='lat' dir='ltr'>Aufidus</span> <span class='ocrx_word' id='word_1_268' title='bbox 1007 2153 1112 2181; x_wconf 87' lang='lat' dir='ltr'>acer.</span> <span class='ocrx_word' id='word_1_269' title='bbox 1133 2165 1136 2168; x_wconf 59' lang='lat'>&lt;</span> 
     </span>
     <span class='ocr_line' id='line_1_37' title="bbox 149 2191 1296 2252; baseline -0.007 -13"><span class='ocrx_word' id='word_1_270' title='bbox 149 2201 207 2240; x_wconf 90' lang='lat' dir='ltr'>At</span> <span class='ocrx_word' id='word_1_271' title='bbox 227 2199 295 2252; x_wconf 91' lang='lat' dir='ltr'>qui</span> <span class='ocrx_word' id='word_1_272' title='bbox 317 2198 460 2239; x_wconf 86' lang='lat' dir='ltr'>tantuli</span> <span class='ocrx_word' id='word_1_273' title='bbox 480 2207 586 2252; x_wconf 80' lang='lat' dir='ltr'>eget,</span> <span class='ocrx_word' id='word_1_274' title='bbox 610 2206 760 2252; x_wconf 87' lang='lat' dir='ltr'>quanto</span> <span class='ocrx_word' id='word_1_275' title='bbox 781 2205 842 2238; x_wconf 88' lang='lat' dir='ltr'>est</span> <span class='ocrx_word' id='word_1_276' title='bbox 861 2211 973 2252; x_wconf 85' lang='lat' dir='ltr'>opus,</span> <span class='ocrx_word' id='word_1_277' title='bbox 995 2195 1029 2238; x_wconf 88' lang='lat' dir='ltr'>is</span> <span class='ocrx_word' id='word_1_278' title='bbox 1049 2207 1182 2249; x_wconf 84' lang='lat' dir='ltr'>neque</span> <span class='ocrx_word' id='word_1_279' title='bbox 1201 2191 1296 2232; x_wconf 88' lang='lat' dir='ltr'>limo</span> 
     </span>
    </p>
   </div>
   <div class='ocr_carea' id='block_1_3' title="bbox 149 2247 1369 2350">
    <p class='ocr_par' dir='ltr' id='par_1_5' title="bbox 149 2247 1369 2350">
     <span class='ocr_line' id='line_1_38' title="bbox 149 2247 1369 2350; baseline -0.006 -54"><span class='ocrx_word' id='word_1_280' title='bbox 149 2255 371 2350; x_wconf 48' lang='lat' dir='ltr'>Turbatainl</span> <span class='ocrx_word' id='word_1_281' title='bbox 420 2254 549 2295; x_wconf 85' lang='lat' dir='ltr'>haurit</span> <span class='ocrx_word' id='word_1_282' title='bbox 591 2269 749 2308; x_wconf 84' lang='lat' dir='ltr'>aquam,</span> <span class='ocrx_word' id='word_1_283' title='bbox 791 2268 923 2308; x_wconf 86' lang='lat' dir='ltr'>neque</span> <span class='ocrx_word' id='word_1_284' title='bbox 971 2252 1092 2295; x_wconf 84' lang='lat' dir='ltr'>vitam</span> <span class='ocrx_word' id='word_1_285' title='bbox 1133 2247 1284 2293; x_wconf 72' lang='lat' dir='ltr'>amittit</span> <span class='ocrx_word' id='word_1_286' title='bbox 1315 2247 1369 2343; x_wconf 55' lang='lat' dir='ltr'>gg</span> 
     </span>
     <span class='ocr_line' id='line_1_39' title="bbox 259 2324 386 2350; baseline 0 0"><span class='ocrx_word' id='word_1_287' title='bbox 259 2325 310 2350; x_wconf 92' lang='lat' dir='ltr'>un</span> <span class='ocrx_word' id='word_1_288' title='bbox 343 2324 386 2350; x_wconf 82' lang='lat' dir='ltr'>is.</span> 
     </span>
    </p>
   </div>
  </div>
 </body>
</html>
