1390 2586
120 113 291 152 muns]
501 112 876 144 INTERPRETATIO.
1224 110 1310 154 269

53 243 56 248 .
79 212 85 221 ’
147 220 299 248 memorat
314 219 421 245 notare
437 214 558 244 videtur
572 219 655 244 certa
670 215 812 253 quaedarn
831 224 895 243 suae
915 212 1014 243 aetatis
1035 217 1186 252 poemata,
1211 213 1308 243 veluti

33 282 37 290 .
57 283 74 297 1,
103 275 144 285 «ψ’
163 261 257 290 iliter
274 258 401 290 Furium
424 258 604 288 Bibaculum
626 257 658 287 in
682 257 808 287 flumine
831 258 951 287 Rheno.
977 257 1038 287 Cfr.
1055 258 1117 287 Sat.
1136 256 1162 291 l,
1181 256 1230 292 10,
1254 257 1307 292 37.

36 300 93 340 „¹52”-
110 300 228 344 [lucas]
255 300 392 341 Respicit
407 302 446 331 ad
463 302 493 331 h.
510 302 528 331 l.
546 301 667 331 Persius
686 301 713 336 1,
729 300 780 336 75,
805 311 858 331 nec
874 311 983 340 ponere
999 301 1096 330 lucam
1112 301 1252 339 artifices·
1267 316 1308 322 ——

38 357 43 367 ²
54 352 83 378 .'·‹
122 345 352 382 witbertum]
369 345 507 384 adjectiv.
525 350 559 374 ut
572 345 629 374 Od.
641 345 672 379 4,
684 344 713 381 4,
725 344 778 381 33,
794 345 1096 382 Metauramflamen.
1111 344 1209 373 Tacit.
1224 343 1304 374 Hist.

30 374 81 444 (τὶν,
106 389 157 426 12,
173 399 254 420 mare
271 389 428 419 Oceanum.

90 428 238 464 ‘lo—23.
262 429 464 472 [cupressum]
491 430 687 460 Proverbium
703 435 749 460 est
765 429 797 459 in
814 430 929 460 malum
945 430 1103 469 pictorem,
1119 430 1172 469 qui
1189 429 1306 459 nescie-

124 475 211 506 aliud
225 475 352 515 pingere
367 484 459 514 quam
475 484 661 512 cupressum.
708 474 755 503 Ab
778 473 836 504 hoc
859 473 1026 512 naufragus
1047 474 1172 513 quidam
1189 473 1309 512 petivit,

51 515 78 540 3=
109 519 229 548 vultum
245 528 334 548 suum
351 526 381 547 et
397 517 592 556 naufragium
614 516 809 556 exprimeret.
853 517 910 547 llle
935 517 1145 555 interrogavit,
1172 527 1246 546 num
1268 526 1308 546 ex

39 567 204 603 anresso
226 562 317 592 vellet
339 561 457 600 aliquid
478 561 626 599 adpingi3
650 561 731 599 quod
755 559 952 600 proverbium
969 561 1084 590 Graecis
1111 561 1143 589 in
1167 570 1225 590 usu
1250 570 1281 590 es
1286 567 1307 596 t,

35 640 37 643 ⁸
53 601 107 648 μή
129 614 160 635 τι
181 603 236 635 καὶ
258 603 466 644 κυπαρίσσου
485 601 612 640 ὃέλειςς
637 604 730 634 Schol.
743 601 972 644 -—[simnlare]
997 601 1194 644 ‘pcaei’aSaa
1218 604 1306 642 peni-

24 646 45 685 )’
57 648 131 680 fillo
144 648 338 688 exprimere!
352 664 392 669 —
405 645 572 687 [exspeSJ‘
583 648 614 676 in
636 657 756 676 summo
772 647 842 676 vitae
865 647 1042 677 discrimine
1059 657 1182 677 versans
1204 647 1307 676 omni-

44 703 45 706 ·
28 688 178 731 busque
195 691 282 721 bonis
296 691 359 720 suis
373 697 494 723 exutus,
517 690 657 728 quocirca
673 691 808 719 tabulam
824 690 906 720 illam
930 701 992 730 prae
1014 701 1046 720 se
1070 691 1169 720 ferens
1185 691 1307 719 mendi-

47 734 163 766 ‘hatum
178 734 222 765 it.’
247 733 308 764 Cfr.
325 735 436 764 Juven.
456 733 503 768 14,
521 733 593 768 301,
609 735 706 763 mersa
729 738 804 769 rate,
827 732 994 774 naufragas
1008 745 1101 764 assem
1118 734 1196 764 Dum
1220 738 1308 773 rogat

50 782 92 810 ,et
115 779 202 818 picta
229 788 260 808 se
289 781 464 817 tempestate
493 781 603 807 tuetur.
619 793 660 797 —
678 775 862 816 [Amphora]
904 777 990 807 Nova
1019 777 1142 815 imago:
1174 776 1308 807 ‘talibus

23 834 26 839 ’
58 820 302 860 digressionibus
318 821 363 855 fit,
379 826 412 850 ut
428 820 576 860 prodeant
592 826 734 859 poemata
749 820 908 856 deformia,
927 830 1058 860 quorum
1073 821 1174 850 exitus
1191 830 1308 859 nequa-

82 872 154 894 uam
181 865 344 903 respondet
367 869 559 902 argumento,
585 864 666 902 quod
691 864 885 893 tractandum
908 870 1082 903 susceperat
1107 864 1309 902 scriptor-'—

78 905 164 947 rotd]
187 907 320 946 figulari,
340 907 464 947 poster-’s
485 907 638 937 wheeL—
651 905 773 946 [urceus
792 905 870 946 exit]
895 907 968 946 quia
990 914 1104 937 temere
1125 917 1159 937 ac
1182 907 1310 936 fortuito

41 978 43 983 ,
58 958 126 982 rem
141 951 261 990 peregit
275 950 397 988 figulus,
421 951 451 979 h.
468 951 488 980 l.
505 956 603 988 poetae
619 959 697 980 caeco
714 950 830 989 impetu
846 951 987 989 abrepti·
979 960 1090 988 imago
1103 967 1144 972 -
1155 948 1306 990 [quidvis]

61 994 286 1034 ‘quodcunque
302 1003 431 1034 poema,
446 995 532 1033 cujus
547 994 679 1032 generiS,
693 1004 775 1023 nunc
792 994 868 1023 nihil
885 994 998 1024 refert!
1005 992 1178 1034 —[unum]
1196 992 1308 1035 ὥσπερ

42 1034 148 1073 ,ξῦον
159 1035 198 1068 ἓν
211 1035 304 1068 ὅλον.
328 1038 422 1068 Arist.
438 1037 470 1066 Ρ.
487 1037 538 1067 23.

103 1080 242 1116 25—27.
269 1077 480 1122 [Decipimnr]
507 1079 589 1109 Vitia
612 1080 696 1110 omni
719 1080 819 1119 poesis
842 1080 948 1119 generi
972 1080 1159 1117 communia,
1182 1080 1214 1110 in
1239 1091 1308 1119 quae

60 1130 160 1165 poetae
175 1123 264 1155 facile
279 1125 447 1159 incurrant,
461 1129 630 1158 enumerat,
643 1133 678 1153 ac
690 1133 722 1153 se
738 1134 860 1163 quoque
873 1125 904 1153 in
921 1134 1054 1154 errorem
1071 1124 1205 1154 incidere
1221 1133 1309 1162 posse

45 1166 196 1206 ⁴ingenue
224 1164 540 1207 famma—[specie]
564 1163 644 1208 ἰδέᾳ·
670 1167 719 1196 ‘id
746 1168 828 1206 quod
857 1173 972 1197 rectum
996 1174 1027 1197 et
1051 1177 1121 1196 vere
1146 1168 1310 1206 pulchrum

61 1210 151 1241 nobis
165 1210 287 1241 videtur
303 1210 390 1240 unice
405 1216 568 1247 sectantes,
590 1210 754 1240 incidimus
769 1210 801 1240 in
817 1211 911 1241 vitia.'
922 1208 1086 1251 —[lev1'a]
1112 1211 1143 1240 in
1165 1210 1212 1240 his
1232 1211 1309 1240 duo-

18 1279 20 1283 ,
61 1255 119 1284 lius
134 1263 181 1284 w.
196 1255 272 1284 lenis
291 1259 325 1283 et
345 1255 418 1284 levis
436 1254 584 1283 librorum
609 1253 930 1292 praestantissimorum
952 1255 1117 1284 auctoritas
1140 1254 1310 1293 plurimum

61 1297 154 1335 valet,
169 1307 265 1337 quum
281 1303 312 1327 et
328 1297 427 1327 Graeci
445 1302 475 1327 et
492 1297 593 1326 Latini
616 1296 681 1334 τὴν
702 1295 868 1333 λειότητα,
883 1299 1042 1334 levitatem,
1067 1308 1127 1327 non
1145 1298 1243 1327 solum
1268 1308 1284 1327 r
1296 1297 1310 1304 ”“

15 1333 38 1392 Ξ
61 1338 260 1382 τραχύτητι,
288 1341 457 1380 asperitati,
486 1341 542 1369 sed
570 1341 662 1369 etiam
695 1339 736 1381 τῇ·
769 1337 942 1378 δεινότητι,
973 1339 1021 1380 τῷ
1051 1338 1228 1380 παθητικῷ
1254 1349 1310 1369 και

60 1381 213 1424 ἐμψύχῳ,
226 1385 345 1420 animis,
361 1385 468 1418 nervis,
483 1385 597 1413 viribus
611 1390 785 1422 opponant3
811 1389 844 1412 ut
857 1383 1005 1416 Quinctil.
1022 1383 1051 1419 8,
1068 1383 1097 1417 3,
1115 1383 1144 1418 6,
1157 1384 1309 1422 effemina-

61 1431 124 1458 tam
138 1429 286 1458 levitatem
301 1428 421 1457 ornatui
435 1428 527 1462 virili,
541 1423 632 1466 sorti,
654 1428 705 1466 qui
718 1427 864 1466 sanguiue
886 1431 916 1457 et
938 1428 1052 1456 viribus
1067 1429 1150 1457 nitet.
1161 1443 1204 1448 —-
1216 1425 1306 1467 [pro-

41 1484 43 1486 ·
51 1468 156 1510 sesnes
167 1468 317 1511 grandia]
340 1474 347 1486 ‘
363 1470 415 1508 qui
431 1470 561 1500 sublime
577 1479 673 1507 genus
690 1470 811 1499 dicendi
826 1470 968 1500 affectat.’

105 1513 240 1544 28—31.
265 1512 384 1554 [Serpit
397 1511 494 1552 humi]
522 1514 598 1542 Duae
614 1513 764 1550 imagines
778 1519 850 1543 sunt
864 1520 1036 1550 contractae,
1060 1515 1136 1552 ejus,
1159 1513 1211 1552 qui
1229 1524 1310 1542 nun·

61 1566 156 1596 quam
171 1557 210 1587 ad
225 1557 336 1586 altiora
358 1557 434 1586 eniti
457 1562 597 1592 conatur,
620 1562 651 1586 et
672 1558 748 1595 ejus,
772 1556 823 1594 qui
841 1557 1042 1595 procellarum
1059 1557 1222 1587 formidine
1238 1557 1311 1587 litus

61 1599 206 1630 ndin—
217 1598 297 1640 [Qui
309 1598 447 1639 variare]
473 1600 610 1634 Variam,
631 1598 823 1636 ποικίλλειν,
840 1607 885 1629 est
901 1601 1030 1636 efficere,
1044 1606 1077 1629 ut
1094 1611 1152 1630 una
1169 1599 1309 1639 (eadem)

62 1652 112 1675 ree
133 1643 200 1674 sine
225 1643 405 1674 necessitate
432 1653 467 1672 ac
496 1644 562 1672 sine
586 1643 789 1672 oblectatione
818 1643 938 1673 lectoris
964 1646 1098 1682 praebeat
1122 1644 1224 1683 piures
1254 1644 1310 1673 ad-

61 1693 202 1726 spectus,
225 1687 256 1716 in
273 1687 355 1725 quod
371 1686 479 1716 vitium
494 1686 578 1715 haud
594 1695 662 1715 raro
675 1686 851 1716 inciderunt
862 1687 1000 1722 Ovidius,
1019 1687 1171 1721 Lucanus,
1183 1687 1310 1718 Statius.

61 1727 335 1781 -—[De1phinam]
354 1730 409 1759 Est
421 1730 504 1759 velut
520 1729 725 1768 proverbium.
755 1729 811 1759 Ion
828 1740 876 1768 ap.
889 1730 968 1759 Plut.
983 1730 1139 1760 Demosth.
1157 1731 1187 1766 3,
1203 1727 1310 1771 δελφῖ-

0 1788 2 1790 ·
63 1782 124 1809 νος
145 1770 183 1803 ἐν
207 1770 318 1814 χέρσῳ
341 1771 410 1811 βία.
419 1770 537 1822 —[In-
554 1770 708 1812 vitium]‘
721 1773 783 1805 Qui
809 1773 882 1803 vitia
908 1773 1044 1803 studiose
1072 1774 1157 1809 vitat,
1183 1783 1219 1803 eo
1242 1774 1309 1812 ipso

4 1815 6 1820 '
43 1827 45 1829 ¹
65 1815 190 1846 vitiosus
203 1818 282 1846 solet
297 1816 373 1851 fieri,
385 1816 410 1845 si
424 1816 554 1854 propriis
567 1815 730 1845 virtutibus
743 1816 868 1854 poeticis
879 1817 982 1846 caret!
1008 1817 1109 1856 Diony
1113 1827 1136 1846 s.
1151 1817 1246 1855 Long.
1257 1817 1310 1852 33.

44 1855 253 1896 ·ἇπτωτος
239 1871 257 1890 ο
283 1857 522 1895 Ἀπολλώνιος.
525 1856 617 1899 -ἆρ’
637 1856 696 1889 οὖν
709 1856 860 1900 ’Όμηρος
886 1858 932 1890 ἂν
958 1858 1101 1901 μᾶλλον,
1128 1858 1149 1898 ὴ
1180 1858 1308 1891 Ἀπολ-

62 1900 182 1939 λῶνιος
205 1901 332 1938 ἐθέλοις
354 1899 528 1943 γενέσθαις

41 1947 46 1963 ·’
105 1940 242 1982 32-37.
267 1914 458 1985 [AEmilinm]
484 1946 541 1975 Est
564 1945 656 1975 ludus
675 1945 875 1983 gladiatorius
897 1948 935 1976 ab
953 1946 1080 1976 AEmilio
1102 1946 1219 1986 Lepido
1239 1957 1312 1977 con-

63 1989 200 2025 stitutus,
230 1988 360 2029 (“quod
387 1998 470 2018 nunc
490 1989 637 2027 Polycleti
663 1989 806 2018 balneum
831 1995 887 2020 est.
891 1989 908 2002 '’
939 1988 1065 2030 Porpk)
1090 1991 1121 2019 P.
1149 1991 1253 2020 Victor
1278 1991 1311 2020 in

47 2040 49 2042 '
65 2032 206 2071 Regione
223 2033 324 2068 vul„
347 2032 378 2061 id
394 2038 450 2067 est,
467 2032 544 2061 Foro
561 2032 713 2070 Romano,
732 2032 880 2071 ponit.—
893 2031 1034 2073 [ιινιιιε]ι
1048 2039 1158 2072 praeter
1173 2035 1310 2069 ceteros!

46 2075 198 2106 =‘melius
219 2085 313 2114 quam
337 2075 448 2113 reliqui
473 2075 599 2112 omneS,'
623 2081 657 2104 ut
675 2075 771 2105 Lucil.
793 2086 841 2116 ap.
865 2077 946 2106 Non.
963 2077 992 2112 4,
1008 2076 1059 2112 64,
1081 2077 1201 2116 optimu’
1225 2078 1311 2117 longe

0 2123 2 2130 '
43 2139 45 2141 -
65 2118 140 2150 Pone
159 2119 290 2149 homines
314 2123 399 2148 natos
418 2119 573 2158 gladiator
597 2120 648 2158 qui
660 2116 728 2158 suit
751 2130 838 2149 anas.
864 2120 964 2159 Epod.
992 2120 1040 2155 12,
1065 2120 1093 2150 4.
1140 2121 1194 2150 lue
1217 2120 1312 2160 igitur

64 2162 235 2192 excellebat
248 2161 354 2200 utique
366 2161 399 2190 in
414 2168 584 2191 statuarum
597 2172 720 2191 suarum
733 2163 889 2202 capillitio‚
906 2163 933 2192 h
928 2164 988 2192 tud
1001 2163 1079 2192 facili
1093 2163 1199 2202 capitis
1215 2170 1313 2203 parte,

46 2222 49 2228 =
65 2211 99 2236 et
116 2205 273 2244 unguibus
291 2204 521 2243 exprimendis:
543 2210 578 2234 ut
594 2204 710 2235 Plinius
729 2206 780 2240 34,
804 2206 834 2242 8,
858 2207 1064 2245 Pythagoram
1085 2212 1117 2236 et
1142 2207 1315 2247 Lysippum

65 2253 191 2288 propter
205 2248 264 2279 hoc
282 2248 384 2287 ipsum
407 2247 522 2277 eximie
543 2249 666 2278 laudat:
691 2249 746 2278 sed
768 2250 849 2279 idem
873 2250 904 2279 in
924 2251 1021 2289 operis
1043 2252 1156 2280 summa
1175 2248 1218 2291 (si
1243 2250 1314 2289 quis

65 2297 164 2325 totam
180 2300 310 2330 operum
329 2292 394 2330 ejus
415 2291 544 2320 formam
564 2291 739 2331 spectaret,)
757 2292 864 2322 infelix
888 2300 919 2322 et
942 2293 1178 2331 reprehensione
1202 2294 1315 2331 dignus

42 2336 46 2372 j
67 2339 143 2365 ent.
187 2334 196 2350 ‘
210 2334 279 2363 Non
295 2336 369 2364 satis
384 2334 450 2369 est,’
467 2333 579 2373 inquit,
597 2336 604 2350 ‘
618 2341 653 2364 ut
676 2345 738 2365 una
761 2336 895 2365 alterave
915 2346 985 2375 pars
1006 2337 1155 2375 poematis
1171 2338 1313 2373 excellat,

67 2377 124 2408 ned
139 2381 204 2407 tota
220 2378 286 2417 ejtts
305 2377 484 2417 compositio
506 2377 640 2417 perfecta
663 2388 728 2408 esse
748 2379 860 2409 debet)
873 2395 915 2402 —
928 2378 1061 2420 [molles]
1085 2380 1149 2410 ‘ita
1172 2386 1206 2410 ut
1228 2390 1316 2420 aeque
