1390 2586
46 108 139 140 ...ιι-
153 100 203 144 a]
461 98 840 132 INTERPRETATIO.
1204 100 1283 142 191

48 214 141 238 enno
161 213 203 235 ne
222 210 358 242 unquam
373 201 476 237 laedet,
490 201 587 231 immo
602 205 637 231 ut
652 201 708 231 tibi
730 201 859 231 honeste
881 200 1073 240 gratificetur
1092 201 1286 241 propositum

43 246 301 287 esquiuulq‘uein
317 245 400 275 omni
417 246 487 275 vitae
503 244 679 275 conditione
697 254 783 284 spem
799 254 887 274 suam
902 244 935 274 in
953 250 982 274 te
999 245 1140 284 reponit.’

74 289 232 324 malm.
257 287 327 330 [Aa
349 287 507 328 summam]
531 289 679 319 Jocatur:
714 289 797 318 ‘Sed
822 294 856 318 ut
880 287 1048 327 aliquando
1073 287 1286 327 philosophari

41 334 182 372 ledum,
195 333 366 364 Stoicorum
382 329 574 372 παράδοξον
589 341 693 362 meum
709 331 838 361 faciam!
851 347 894 353 --
906 329 1149 372 [minor—Jove]
1173 333 1192 348 ⁴⁴
1203 331 1284 362 Sen-

45 377 132 411 enfit·
143 376 312 409 smtoorum
319 377 334 406 ¹:
358 376 396 406 In
418 377 472 406 hoc
493 377 614 414 sapiens
633 376 730 405 minor
744 379 790 405 est
804 375 885 412 Jove,
901 377 972 415 quia
989 375 1148 405 moritur-3¹
1170 376 1284 406 Acron.

40 422 176 455 Dabrum
196 429 360 450 commune
384 425 451 449 erat
474 416 668 460 παράδοξον
689 424 720 448 et
747 418 919 448 stoicorum
942 424 973 448 et
996 418 1134 456 Epicuri.
1167 419 1284 450 AElian.

39 465 70 496 V.
85 458 125 496 no
142 462 174 496 4.
190 462 239 500 13,
253 460 450 503 Ἐπίκουρος
472 460 585 502 ἔλεγεν
607 459 743 502 ἑτοίμως
766 459 856 501 ἔχειν
879 460 932 492 καὶ
955 461 1004 501 τῷ
1019 460 1070 491 Διὶ
1088 461 1162 502 περὶ
1177 459 1284 493 einim·

37 505 149 543 utriq·
163 502 426 547 διαγωνίζεσθαι,
441 503 554 546 μάζαν
568 503 656 545 ἔχων
671 503 726 535 καὶ
742 502 836 546 ὕδωρ.
862 505 1028 542 Lucianus,
1044 505 1104 536 Vit.
1121 505 1214 536 Auct.
1230 506 1284 542 20,

28 551 198 583 damnine:
222 548 325 590 μόνος
345 546 444 585 οὗτος
466 548 576 589 σοφὸς,
598 547 700 590 μόνος
722 548 836 585 καλὸς,
851 547 954 589 μόνος
970 545 1102 585 δίκαιος,
1120 546 1284 589 ἀνδρεῖος,

30 591 195 630 'malco
221 589 340 634 ῥήτωρ,
365 590 536 629 πλούσιος,
562 590 744 632 νομοθέτης
767 591 821 622 καὶ
846 590 968 631 τᾶλλα,
990 590 1102 622 ὁπόσα
1123 590 1225 623 ἐστίν.
1239 608 1284 615 -·

27 634 219 676 iau-oratus]
238 639 245 652 ‘
257 637 296 666 ad
313 637 444 666 honores
459 636 602 666 evectus)
618 651 662 657 —
679 633 912 676 [rex—regum]
930 641 965 665 ut
977 636 1139 665 Persarum
1160 646 1224 667 rex.
1239 649 1283 659 ·--

24 673 150 720 sm]
169 680 226 709 ‘ld
242 689 313 709 vero
329 685 401 710 ante
415 679 520 709 omnia
535 678 636 709 cuncti
659 679 713 709 tibi
736 679 917 715 concedent,
938 685 968 709 te
991 679 1128 718 perfecta
1150 680 1283 710 sanitate

19 716 99 760 fni,
109 723 168 754 nisi
181 723 233 752 ubi
247 723 324 752 forte
338 722 448 762 pituita
459 720 608 763 (κόρυζα,
622 719 820 763 κατάρῤους,
834 725 842 739 ⁴
851 733 869 752 a
886 723 952 752 coId
966 724 996 752 in
1012 733 1088 763 your
1102 724 1181 753 head
1187 722 1211 762 ')
1226 723 1282 753 tibi

25 766 153 800 muhata
172 766 239 796 est!
276 766 370 796 Stoici
386 766 570 806 objiciebant
585 766 709 795 sibimet
728 766 786 805 ipsi
805 767 862 796 hoc
877 766 1107 796 incommodum
1123 766 1282 797 interdum

17 811 144 841 nir-tare
159 808 259 839 videri
277 809 420 848 perfectae
444 809 648 844 beatitudini;
673 819 709 839 eo
731 810 846 839 scilicet
866 809 1006 844 consilio,
1023 815 1057 839 ut
1081 809 1163 839 facili
1188 811 1283 849 operi

22 853 117 884 >alem
128 852 329 892 objectionem
341 852 544 883 confutarent.
572 853 659 882 Hanc
670 853 769 892 ipsam
782 853 986 883 ratiunculam
998 854 1076 883 salse
1090 853 1186 883 ridet:
1205 856 1212 869 ¹
1222 853 1282 883 nisi

22 904 94 926 eum
106 895 217 936 pituita
233 896 359 926 molesta
370 901 417 926 est
428 902 459 926 et
471 895 536 932 tibi,
552 901 583 926 et
595 895 683 926 nobis
697 897 909 926 auditoribus!
949 897 1071 926 Arrian.
1089 896 1189 936 Epict.
1205 896 1233 933 1,
1250 896 1280 934 6,

28 950 55 979 ρ.
67 939 121 976 36,
135 937 201 970 Nai
218 936 397 979 (ἐπέτυχον
411 936 650 979 εὐδαιμονίας)
666 937 744 969 ἀλλ’
759 937 794 970 αἱ
807 937 908 980 μύξαι
922 950 987 980 μου
1003 936 1112 980 ῥέουσι
1163 949 1197 967 z
1216 951 1281 970 mu-

20 993 76 1014 -eue
89 987 121 1014 et
139 983 220 1013 mala
229 984 347 1022 pituita
361 984 429 1013 nasi
445 981 573 1023 [Catuli.
591 984 621 1019 2,
638 983 668 1017 3,
688 981 743 1023 17]
762 984 837 1012 mihi
855 984 984 1013 molesta
1005 982 1075 1022 est).
1100 983 1199 1020 Τίνος
1219 981 1281 1015 οὖν

21 1024 118 1058 ε”ένωα
134 1025 246 1068 χεῖρας
260 1024 358 1066 ἔχεις,
372 1023 608 1068 ἀνδράποδον;
632 1025 695 1067 οὐχ
711 1023 771 1057 ἵνα
788 1026 843 1057 καὶ
859 1025 1061 1068 ἀπομύσσῃς
1077 1026 1236 1063 σεαυτόν;

508 1157 717 1188 EPISTOLA
743 1158 787 1189 11.

60 1242 204 1276 Ancum.
223 1243 351 1280 Lollius,
365 1243 404 1273 ad
420 1253 512 1282 quem
530 1244 595 1274 haec
613 1244 753 1284 Epistola
773 1245 846 1275 data
864 1251 920 1281 est,
937 1244 1018 1274 filius
1033 1250 1108 1275 natu
1123 1243 1279 1276 maximus

10 1286 67 1319 ΥΠ.
82 1286 174 1318 Lollii
190 1297 250 1318 cos.
269 1294 376 1316 A.u.c.
391 1285 456 1322 733
471 1285 526 1326 (ad
548 1297 641 1326 quem
667 1288 816 1318 Horatius
838 1288 960 1328 scripsit
977 1289 1034 1318 Od.
1053 1288 1082 1324 4,
1102 1287 1138 1327 9)
1156 1289 1280 1319 videtur

13 1329 124 1362 ubine.
179 1330 307 1364 Lollius,
331 1330 427 1359 nobili
451 1331 517 1359 loco
541 1338 641 1366 natus,
665 1331 760 1368 dives,
782 1332 907 1371 juvenis
928 1342 1086 1370 generosae
1113 1332 1225 1362 indolis
1248 1338 1280 1363 et

6 1372 170 1412 *Qumis
193 1372 312 1412 ingenii
335 1379 411 1410 erat,
429 1379 579 1412 quantum
596 1374 721 1413 quidem
745 1385 784 1404 ex
803 1375 859 1404 hac
877 1375 1018 1414 Epistola
1040 1381 1070 1405 et
1093 1376 1186 1415 hujus
1208 1376 1279 1406 libri

6 1415 80 1456 ¹81³.
100 1416 148 1454 18,
163 1418 314 1456 conjicere
330 1417 410 1447 licet.
456 1417 495 1446 Ei
519 1417 614 1455 igitur
635 1424 726 1457 poeta
749 1418 806 1448 hac
827 1419 956 1456 epistolii
977 1419 1187 1448 saluberrimis
1204 1429 1278 1449 con-

4 1457 96 1491 neniis
110 1461 200 1495 viam,
212 1461 275 1499 qua
285 1460 483 1499 perveniatur
498 1461 536 1490 ad
554 1461 746 1491 honestatem
763 1467 794 1491 et
810 1461 1000 1498 felicitatem,
1015 1467 1175 1498 monstrat,
1192 1472 1279 1493 eam-

0 1512 80 1542 usque
94 1510 129 1533 ut
143 1503 236 1534 alacri
251 1504 355 1533 animo
371 1503 563 1540 ingrediatur
583 1505 809 1534 adolescentem
825 1511 940 1535 monet.
987 1506 1091 1544 Atque
1108 1516 1205 1544 quum
1221 1506 1280 1536 hoc

3 1545 86 1587 rip)
107 1552 244 1586 tempore
266 1545 313 1587 (Α.
325 1555 355 1576 U.
365 1555 392 1576 c.
410 1546 483 1582 727,
506 1547 650 1586 Kirchn.)
678 1548 825 1578 Horatius
843 1549 997 1578 Praeneste
1016 1549 1131 1587 degens
1150 1550 1279 1580 Homeri

19 1590 158 1621 camina
177 1590 346 1629 relegisset,
362 1591 419 1620 hac
435 1589 590 1621 scribendi
611 1592 769 1621 occasione
793 1597 884 1621 utens
904 1593 1039 1631 primum
1055 1593 1190 1622 ostendit
1205 1593 1279 1623 inde

0 1637 166 1672 hvonquam
189 1643 228 1663 ex
252 1634 315 1663 vita
336 1634 405 1672 ipsa
428 1643 516 1672 posse
539 1634 697 1673 aptissima
719 1635 750 1664 in
768 1643 931 1674 utramque
953 1642 1071 1674 partem
1095 1637 1239 1675 exempla
1260 1646 1279 1667 a

0 1676 107 1708 'stu-bin
121 1675 208 1716 petit.
255 1678 327 1707 Post
349 1677 430 1707 hanc
454 1678 609 1716 egregiam
636 1679 674 1708 de
697 1679 834 1708 Homero
855 1679 1041 1709 sententiam
1065 1680 1205 1718 pluribus
1230 1690 1278 1711 vv.

0 1719 200 1760 *explicatam
218 1719 281 1760 (vv.
302 1719 420 1759 1—31)
437 1720 531 1751 tradit
546 1721 705 1759 potissima
716 1728 940 1761 praeceptorum
956 1724 1068 1762 capita,
1084 1723 1196 1761 quibus
1214 1723 1278 1754 vita

0 1762 121 1801 ‘'jtoeni
136 1764 272 1802 regenda
287 1763 336 1794 sit.
361 1764 507 1794 Ceterum
525 1770 571 1794 est
586 1764 688 1795 schola
707 1766 808 1795 Stoica
822 1775 860 1795 ex
878 1766 1131 1804 interpretatione
1147 1767 1278 1797 Homeri

0 1806 136 1842 imerali,
162 1816 254 1846 quam
280 1807 466 1846 praeiverant
486 1807 698 1844 Antisthenes,
723 1810 820 1845 Zeno,
852 1810 999 1839 Persaeus.
1035 1810 1114 1839 Vide
1141 1810 1278 1840 Dionem

0 1845 177 1889 inhysost.
194 1850 279 1879 Orat.
295 1850 337 1880 53
353 1857 383 1879 et
399 1851 450 1886 55,
465 1857 495 1880 et
511 1861 659 1890 perquam
675 1852 785 1882 similis
801 1858 846 1882 est
863 1853 994 1882 Maximi
1012 1853 1101 1892 Tyrii
1116 1853 1195 1883 Diss.
1209 1854 1262 1884 32.

30 1891 154 1924 :1-3.
179 1891 339 1933 [maxime]
379 1894 535 1924 ‘maxime
564 1901 638 1924 natu
667 1895 748 1925 inter
777 1895 1163 1936 fratres.'—[declamas]
1200 1896 1277 1926 ‘de-

4 1934 179 1967 -domando
196 1937 235 1965 de
250 1936 328 1966 fictis
345 1937 488 1966 thematis
503 1938 579 1967 duce
594 1938 717 1968 rhetore
741 1939 855 1978 aliquo,
879 1940 1048 1970 domestico
1064 1940 1165 1979 potius
1182 1950 1277 1978 quam

0 1989 5 2014 p
18 1979 152 2022 puicu,
169 1985 199 2008 te
214 1988 358 2009 exercere
373 1980 472 2010 soles!
510 1982 635 2018 Seneca,
645 1981 791 2012 Controv.
806 1983 892 2012 Praef.
903 1993 933 2022 p.
944 1983 995 2018 63,
1010 1983 1078 2022 Bip.
1095 1984 1276 2014 Declamare

74 2023 245 2053 domestice
261 2025 493 2053 exercitationis.
506 2040 544 2046 ·—
562 2023 750 2065 [Proeneste]
775 2030 901 2065 propter
916 2027 1014 2065 frigus
1029 2028 1143 2057 aestt'vae
1158 2027 1276 2057 delicia

0 2074 5 2090 ν
111 2076 234 2096 norum.-
261 2066 341 2095 Flor.
362 2066 390 2098 l,
409 2066 456 2097 ll.
482 2067 540 2096 Od.
556 2067 587 2104 3,
604 2070 634 2104 4,
651 2069 680 2099 3.

22 2106 90 2148 ἢ*
111 2107 274 2150 [Planina]
299 2107 383 2139 Κατ’
399 2107 568 2151 εἰρωνείαν
588 2111 638 2142 hic
653 2122 776 2150 quoque
793 2112 965 2142 Stoicorum
987 2113 1100 2142 faetum
1116 2110 1273 2151 deprimit.

0 2147 103 2191 Ut.
119 2154 245 2192 planius
268 2159 380 2191 praeter
404 2154 491 2183 codd.
507 2160 626 2184 nostros
649 2155 810 2194 antiquiss.
835 2156 959 2185 firmant
976 2156 1078 2185 Acron
1097 2157 1105 2172 ‘
1118 2155 1274 2194 apertius'

17 2190 243 2235 worphyrio
264 2197 272 2212 ‘
287 2196 488 2226 manifestius’
515 2196 714 2236 explicantes.
761 2199 888 2229 Lucian.
914 2199 1036 2237 Lapith.
1057 2199 1109 2235 30,
1133 2199 1273 2231 τοιαῦτα

63 2239 66 2241 ’
110 2235 224 2274 ἅζεται
239 2236 256 2268 ὀ
273 2237 377 2275 καλὸς
393 2237 593 2281 Χρύσιππος
613 2239 667 2271 καὶ
685 2237 804 2278 Ζήνων
823 2239 840 2271 ὁ
855 2240 1055 2281 θαυμαστὸς
1072 2240 1127 2271 καὶ
1142 2241 1272 2274 Κλεάν-

101 2278 257 2323 ‹finiuit-ta
273 2280 423 2320 δύστηνα
439 2281 493 2313 καὶ
508 2281 683 2324 ἐρωτήσεις
700 2282 807 2325 μόνον
823 2285 878 2315 καὶ
898 2283 1058 2326 σχήματα
1074 2284 1274 2326 φιλοσόφων.

61 2325 67 2330 ’
169 2323 250 2365 tore]
274 2326 337 2356 Cic.
357 2327 446 2358 Tusc.
463 2327 493 2364 3,
510 2327 541 2364 6,
566 2328 695 2358 Crantor
716 2326 776 2365 ille,
797 2331 849 2369 qui
871 2330 903 2359 in
923 2331 1027 2360 nostra
1041 2330 1208 2361 Academia
1227 2331 1274 2360 vel

19 2364 239 2410 masau
254 2371 373 2401 nobilis.
