1390 2586
1357 90 1373 148 ἓ

118 121 205 166 224·
544 125 909 156 INTERPRETATIO.
1217 123 1339 166 [ερατ.

124 226 243 265 generis
255 226 336 255 cibos
350 234 384 253 ac
395 224 474 259 vina,
489 223 621 263 perferre
637 233 757 262 possum
779 230 901 262 propter
921 233 1032 261 aerem,
1048 223 1099 262 qui
1115 226 1336 256 concoctionem
1360 220 1382 257 'f'

119 270 215 308 juvat,
231 275 262 303 et
277 273 397 306 propter
409 266 582 304 frequentes
602 269 656 295 sub
672 266 740 295 divo
754 266 988 296 ambulationes:
1011 272 1114 296 contra
1129 277 1182 305 per
1197 267 1346 304 hiemerm.

124 321 219 350 quum
234 319 375 348 magnam
390 309 449 337 diei
465 314 579 347 partem
595 313 761 338 contractus
776 309 839 348 lego
861 307 954 348 (Epp.
969 309 996 345 1,
1009 308 1038 344 7,
1055 308 1118 347 12),
1132 309 1237 338 vinum
1249 320 1338 349 gene·
1349 306 1374 322 ⁴

125 363 222 383 rosum
246 354 277 389 (a
300 353 364 381 loco
387 357 417 380 et
439 349 514 389 vite)
537 361 571 380 ac
594 352 655 381 lene
677 349 727 389 (ab
750 356 838 380 aetate
861 356 891 380 et
913 351 1033 389 sapore)
1050 352 1180 389 requiro,
1196 353 1339 390 quodve}
1358 344 1362 365 ⁵

126 405 245 425 mecum
267 395 432 432 apportabo
455 394 502 422 vel
526 393 567 422 ibi
591 403 710 432 quoque
734 393 882 431 reperiam
905 393 936 421 in
959 393 1019 422 alia
1037 393 1159 430 regione
1181 398 1298 432 natum,
1321 402 1340 424 a
1357 406 1369 428 ῑ

125 438 250 477 propola
275 436 508 474 empturus.’——
525 433 715 474 [adcredere]
744 434 754 451 ⁶
770 436 890 464 credere
915 441 1037 474 propter
1059 436 1090 464 id
1118 436 1228 474 ipsum,
1258 436 1340 474 quod
1364 431 1369 435 '¹

123 486 155 510 tu
170 481 285 509 sincere
301 479 373 507 mihi
391 487 522 516 expones
535 487 637 506 rerum
650 477 770 506 illarum
785 477 917 507 statum!

166 521 299 556 25—27.
325 518 485 560 [Meem'us]
522 520 624 552 Quum
654 530 685 548 se
713 530 765 557 per
793 521 894 558 jocum
920 525 953 548 ut
982 519 1156 548 deliciarum
1178 520 1340 550 admodum
1358 514 1369 546 s-

126 565 269 602 cupidum
285 573 319 592 ac
334 573 426 602 prope
442 562 629 591 luxuriosum
645 562 858 600 descripsisset,
872 561 992 600 subjicit
1012 561 1143 599 lepidam
1166 562 1203 591 de
1229 562 1340 592 Maenio
1361 576 1367 583 ·=

127 607 394 643 narratiunculam,
418 605 478 643 qua
505 605 632 633 delectet
662 604 868 634 Numenium:
906 603 1098 639 ‘Nimirum,‘
1125 604 1233 642 inquit,
1263 606 1363 642 ‘egos

126 659 193 678 sum
209 659 301 687 prope
317 647 423 677 similis
441 647 545 676 Maenii
566 647 665 682 illius‚'
688 647 725 675 de
748 656 807 684 quo
822 646 890 675 vide
906 647 966 676 Sat.
984 646 1011 681 l,
1030 645 1056 682 1,
1074 645 1142 682 101,
1155 654 1185 675 et
1202 646 1228 682 l,
1245 647 1274 682 3,
1289 646 1340 678 21.

125 707 167 712 —
183 689 309 730 [certum
322 688 466 728 praesepe]
489 689 600 718 comice
615 699 668 727 pro
683 690 795 718 mensa.
1362 687 1371 711 ’Ἀ

168 734 218 769 28,
241 734 290 763 29.
314 730 516 772 [Improvisus]
547 734 659 769 ‘quum
684 731 829 760 esuriret)
844 746 887 751 -—
903 728 1008 770 [civem
1032 731 1215 769 dignosceret
1242 728 1341 770 hoste]
1368 740 1374 747 ·

125 775 158 805 id
187 782 241 810 est,
267 775 391 812 antiquo
419 774 598 811 significatu,
625 775 633 790 ⁴
646 773 823 812 peregrino.’
841 789 881 794 —
898 771 1068 812 [opprobria
1087 770 1220 812 fingere]
1254 773 1342 803 ‘ficta
1359 774 1364 795 ἓ

124 818 252 851 crimina
266 818 296 846 in
311 818 442 854 aliquem
458 815 612 845 conferre.’
1301 822 1314 835 κ
1360 823 1375 852 -J

168 861 217 891 30.
242 858 408 899 [Pernicies
432 864 461 888 et
488 856 657 897 tempestas]
695 858 817 887 Comica
841 857 914 887 haec.
951 856 1051 887 Plaut.
1081 857 1166 895 Capt.
1193 856 1222 891 4,
1252 857 1282 892 3,
1310 857 1341 894 3,
1360 850 1375 882 [²⁴

131 902 249 935 Quanta
272 903 374 940 pernis
403 902 494 940 pestis
521 902 639 930 veniet!
676 904 787 939 quanta
811 901 891 930 labes
919 900 1039 930 larido!
1053 915 1095 920 —
1111 897 1255 938 [macelli]
1288 863 1377 932 ubi}

126 945 260 979 obsonia,
274 944 369 982 pisces
385 950 414 973 et
429 953 496 972 caro
511 944 724 972 vendebantur.
1348 932 1377 962 θ’

168 987 300 1017 32—34.
326 985 478 1025 [nequitioe
485 983 673 1024 fautoribus]
698 985 762 1020 ‘iis,
785 984 836 1022 qui
860 989 982 1023 propter
1005 983 1245 1022 qualemcunque
1269 964 1378 1059 cam}

126 1039 201 1065 sam,
229 1030 352 1058 sortasse
375 1029 422 1058 vel
439 1030 541 1067 jocum
566 1033 743 1066 quaerentes,
765 1027 904 1056 favebant
927 1026 1048 1061 Maeuio,
1073 1026 1187 1055 homini
1211 1035 1343 1064 nequam

126 1073 250 1111 ejusque
276 1071 424 1100 similibus
446 1070 573 1099 scurris!
589 1085 630 1091 —
647 1068 786 1109 [patinas
806 1070 941 1099 coenabat
959 1066 1063 1107 omasi]
1087 1070 1095 1084 ⁴
1107 1069 1192 1097 'runc
1210 1068 1303 1106 igitur
1316 1067 1343 1098 si
1359 1062 1378 1099 ἶ

126 1114 259 1143 nummis
273 1115 401 1150 carebat,
426 1118 502 1142 totas
518 1112 634 1151 patinas
656 1111 759 1146 omasi,
779 1111 914 1140 intestini
930 1110 1043 1146 bubuli,
1066 1115 1096 1139 et
1111 1110 1208 1139 carnis
1223 1110 1344 1147 agninae

127 1157 306 1190 devorabat;
329 1156 408 1194 quod
425 1165 517 1193 quum
535 1155 653 1190 faceret,
677 1155 714 1183 de
730 1154 839 1182 vilibus
853 1153 927 1182 cibis
941 1153 983 1182 ita
997 1162 1028 1182 se
1043 1152 1271 1182 consolabatur.’
1359 1095 1377 1226 ξ

167 1199 300 1229 35—39.
325 1195 505 1237 [Nimirum]
530 1198 537 1212 ‘
549 1198 631 1226 Talis
646 1196 784 1225 videlicet
806 1205 862 1233 ego
886 1204 1006 1233 quoque
1027 1204 1104 1230 sum,
1118 1199 1148 1223 et
1163 1194 1230 1232 quis
1245 1203 1305 1223 non
1318 1193 1342 1223 2’

124 1256 167 1262 ·—
183 1239 332 1280 [unctius]
357 1239 504 1275 ‘lautius,’
528 1244 562 1268 ut
577 1240 654 1278 Epp.
673 1239 701 1274 l,
719 1238 768 1276 14,
781 1238 831 1268 21.
849 1237 896 1273 17,
915 1237 962 1267 12.
976 1253 1018 1258 -—-
1034 1234 1179 1276 [nitidis]
1194 1238 1343 1274 ‘quorum

126 1293 164 1313 ex
189 1283 265 1312 villis
289 1282 464 1321 splendidiS,
478 1291 626 1310 marmore
641 1281 846 1315 candentibus,
861 1280 962 1309 statim
977 1279 1154 1316 colligimus,
1168 1288 1220 1319 vos
1234 1278 1344 1308 divites

125 1335 190 1355 esse
205 1331 236 1355 et
256 1326 378 1363 insuper
399 1331 511 1353 vestras
531 1324 665 1352 fortunas
680 1324 710 1352 in
727 1322 832 1352 iisdem
853 1322 932 1351 villis
947 1324 1023 1351 bene
1043 1331 1078 1350 ac
1099 1326 1164 1350 tuto
1187 1321 1344 1350 collocatas

126 1377 200 1402 esse,
226 1368 332 1396 melius
357 1367 472 1405 utique,
498 1376 588 1404 quam
610 1366 634 1395 si
658 1366 688 1394 in
715 1365 817 1394 fenore
841 1364 944 1403 positae
964 1363 1084 1394 essent)
1127 1363 1176 1392 Sic
1201 1362 1263 1392 Cic.
1289 1371 1344 1402 pro

127 1411 161 1440 C.
178 1411 254 1440 Rab.
270 1410 350 1440 Post.
368 1410 396 1446 l,
403 1407 545 1448 fortunas
558 1407 744 1447 fundatas
765 1412 852 1447 atque
867 1409 972 1446 optime
985 1407 1158 1436 constitutas
1173 1405 1260 1435 dixit.

579 1590 784 1620 EPISTOLA
807 1589 892 1618 XVI.

167 1709 301 1738 ARGUM.
326 1708 496 1746 Ambigunt
519 1708 707 1746 interpretes,
732 1712 834 1736 utrum
858 1706 915 1735 hoc
939 1704 1110 1744 epistolium
1136 1703 1279 1742 scriptum
1305 1701 1346 1734 sit

124 1751 163 1781 ad
187 1751 364 1783 Quinctium
388 1751 550 1790 Hirpinum
576 1749 646 1789 (Od.
663 1751 692 1786 2,
710 1749 773 1787 ll),
797 1758 835 1778 an
858 1749 897 1778 ad
919 1748 954 1778 T.
970 1747 1147 1780 Quinctium
1170 1746 1344 1785 Crispinum

127 1794 342 1832 Sulpicianum,
369 1793 559 1822 triumvirum
582 1793 617 1822 A.
641 1793 677 1821 A.
701 1792 737 1821 A.
762 1792 796 1821 F.
821 1791 864 1827 F„
889 1790 1017 1828 Augusti
1039 1790 1185 1828 aequalem
1211 1787 1345 1827 (Eckhel

126 1836 162 1865 D.
191 1837 228 1866 N.
251 1837 281 1870 5,
304 1846 332 1874 p.
358 1835 445 1873 291),
469 1835 521 1874 qui
544 1836 623 1864 idem
648 1834 766 1863 videtur
791 1843 860 1862 cum
884 1833 920 1862 T.
943 1832 1086 1865 Quinctio
1109 1831 1259 1869 Crispino,
1285 1840 1346 1860 cos.

125 1886 235 1908 A.U.c.
265 1878 334 1913 745.
380 1879 478 1915 ‘Ego‚
507 1887 584 1915 care,
608 1879 712 1906 beatus
738 1886 815 1912 sum,
841 1884 931 1913 quem
958 1875 995 1904 ad
1021 1879 1132 1903 statum
1157 1874 1226 1902 vitae
1251 1872 1347 1902 cuivis

125 1922 291 1959 optandum
317 1921 396 1949 inter
423 1930 470 1949 res
494 1926 634 1949 externas
659 1919 841 1958 permultum
864 1917 978 1946 confert
1000 1916 1145 1946 Sabinum
1168 1925 1288 1944 meum:
1312 1920 1344 1944 tu

125 1963 197 1992 item
213 1973 294 1998 cura,
311 1968 353 1997 ut,
369 1963 624 2000 quemadmodum
640 1961 775 1994 mereris.
789 1962 895 1990 beatus
910 1960 974 1995 fias,
989 1959 1064 1988 illud
1083 1956 1185 1998 γνῶθι
1206 1955 1346 1987 σεαυτὸν

125 2005 157 2034 in
180 2005 284 2044 primis
306 2006 396 2043 probe
419 2014 564 2034 exercens
586 2010 676 2042 atque
699 2005 736 2032 ab
759 2001 853 2032 animi
876 2001 1150 2040 perturbationibus
1173 1999 1300 2029 liberum
1317 2004 1345 2028 te

125 2048 266 2077 servans!
310 2047 466 2077 Jacobsius
489 2047 607 2084 egregie
634 2045 769 2075 defendit
790 2047 903 2074 bonum
925 2044 1013 2073 illum
1036 2042 1212 2074 Quinctium
1235 2051 1253 2071 a
1272 2050 1344 2070 con-

123 2090 218 2126 viciis,
241 2090 350 2127 quibus
372 2090 502 2118 eundem
525 2090 694 2118 lacerarunt
714 2089 903 2125 interpretes,
927 2091 1081 2124 tamquam
1105 2089 1239 2123 captator
1254 2082 1346 2112 fuerit

123 2141 204 2161 aurae
227 2132 379 2170 popularis
402 2138 491 2170 atque
511 2132 638 2160 externa
657 2130 754 2170 specie
770 2130 848 2167 frugi
864 2128 1018 2158 hominem
1032 2128 1219 2166 probumque
1233 2135 1265 2154 se
1280 2134 1345 2154 esse

124 2173 282 2203 simularit.
1235 2168 1239 2174 '

168 2216 258 2246 1-3.
283 2215 346 2256 [Ne
358 2212 751 2255 perconteris—scribetur]
776 2215 784 2230 ‘
795 2213 862 2243 Scio
886 2218 1006 2251 gratum
1022 2211 1076 2241 tibi
1090 2211 1163 2246 fore,
1179 2210 1203 2238 si
1218 2209 1345 2238 formam

121 2258 208 2287 fundi
233 2260 291 2287 mei
315 2260 394 2288 ultro
417 2259 471 2288 tibi
495 2258 698 2296 descripsero3
722 2257 823 2294 itaque
847 2255 907 2284 noli
930 2264 978 2284 me
1001 2255 1037 2283 ea
1051 2254 1088 2283 de
1105 2262 1137 2282 re
1155 2251 1345 2290 percontari!

119 2301 261 2338 ——[Arvo
270 2306 375 2340 pascat
391 2299 508 2340 herum]
534 2301 610 2330 Nam
626 2299 750 2330 fortasse
767 2305 798 2328 tu
814 2298 910 2328 credis
925 2295 1142 2327 fertilissimum
1157 2303 1220 2324 esse
1243 2302 1348 2323 meum
