1390 2586
0 92 7 135 j
31 0 116 152 a&
130 87 170 125 ιε’.
188 90 234 134 1.]
475 90 851 122 ιΝΤΕιιΡιιΕΤΑι-ιο.
1218 86 1302 130 257

95 228 97 230 ,
125 193 135 202 ”
152 194 208 231 M„
226 193 265 224 de
287 202 349 232 quo
367 191 422 223 cfr.
448 192 482 223 A.
500 193 532 222 P.
553 192 625 228 357.
638 209 680 214 —
692 190 860 232 [versibus]
884 190 1017 228 dativus,
1041 196 1076 221 ut
1098 189 1190 220 Ovid.
1207 189 1301 221 Trist-

95 234 155 272 ³1⁰,
183 238 347 276 Acceptum
375 233 473 275 refero
501 237 635 266 versibus
663 247 725 266 esse
750 246 864 266 nocens.
878 252 920 257 —
933 232 1085 275 [Retulit]
1116 236 1124 250 ‘
1136 235 1303 273 Acceptum

93 290 160 312 erre
174 286 206 310 et
220 281 253 310 in
267 283 420 319 acceptam
436 277 550 318 referre
566 279 689 318 proprie
705 285 750 309 est
765 279 898 309 scribere
914 279 945 308 in
963 279 1076 308 tabulis
1091 283 1120 307 te
1136 277 1302 316 accepisse,

141 323 311 354 admodum
334 322 491 362 expensum
507 320 595 362 ferre
615 329 661 352 est
680 323 813 353 scribere
835 328 864 352 te
885 322 1006 352 dedisse
1024 322 1070 351 vel
1093 320 1300 360 expendisse.⁸

143 368 215 397 1.-
227 364 346 406 [regale
361 366 520 403 nomisma]
548 369 555 381 ¹
566 366 716 404 gloriatus
732 372 778 396 est
789 366 837 395 vel
852 365 977 404 gloriari
994 365 1094 405 potuit
1109 374 1142 394 se
1154 365 1192 394 ab
1207 364 1302 394 Alex-

123 419 142 440 o
176 408 396 445 Φιλιππείους
429 409 610 451 στατῆρας,
637 409 814 449 Philippeos
841 419 994 444 nummos,
1024 409 1105 447 regis
1135 407 1237 446 effigie
1267 416 1302 437 ac

30 475 31 478 ,
89 453 173 484 mine
188 452 326 492 signatos
340 463 396 492 pro
411 453 549 483 versibus
564 453 627 482 suis
643 453 817 492 accepisse!

51 493 71 539 J
84 494 267 528 236—244.
293 494 510 538 [Atramenta]
528 497 695 536 ‘cujusque
710 496 832 535 generis
849 494 1059 535 (scriptorium
1076 499 1106 524 et
1118 491 1301 533 pictorium)

54 544 57 545 ⁷
103 546 231 570 trecenta
247 541 385 570 maculas
404 541 562 570 remittunt
589 539 650 579 (pr.
665 546 747 570 retro
768 538 924 578 mittunt),
950 539 1132 577 relinquunt
1153 538 1183 567 in
1200 537 1302 567 mani·

31 618 33 622 ,
63 579 67 583 ’
114 582 123 597 '
160 580 278 624 (habes
304 583 334 613 h.
360 583 380 613 l.
405 581 744 623 macula.)—[vetuit]
779 583 858 613 Plin.
888 583 927 612 H.
954 583 992 612 N.
1015 582 1046 617 7,
1071 581 1122 618 37,
1146 581 1230 611 Idem
1253 582 1303 611 hic

138 631 206 657 ator
234 627 341 662 edixit,
370 636 407 657 ne
435 628 503 667 quis
531 628 629 665 ipsum
658 628 738 657 alius
767 637 854 666 quam
887 627 1007 665 Apelles
1031 627 1184 665 pingeret,
1213 634 1302 664 quam

35 686 85 724 ᾗ
107 671 221 710 goteles
237 672 396 709 sculperet,
418 681 507 710 quam
528 670 680 709 Lysippus
703 680 740 700 ει·
761 680 821 700 aere
837 671 967 700 duceret.
981 685 1023 690 -
1037 667 1132 708 [alius
1147 665 1300 708 Lysippo]

64 718 68 735 ³
112 723 149 750 oc
174 712 366 750 Λυσίππου,
389 719 423 743 ut
449 714 528 752 Epp.
548 713 575 750 l,
601 713 649 748 16,
671 714 776 744 20.—
797 712 936 753 [duceret
959 712 1039 750 aera]
1065 721 1130 750 pro,
1155 712 1303 741 ‘duceret

109 766 170 787 aere
189 756 358 786 Alexandri
383 756 538 795 effigiem.'
554 773 596 778 -
609 754 818 797 [simulantia]
843 758 1001 786 ‘accurate
1017 755 1244 795 exprimentia,‘
1267 761 1304 785 ut

98 799 132 830 P.
149 800 199 830 20.
216 815 259 822 —-·
276 797 445 840 [videndis]
465 801 478 815 ·‘
491 801 523 829 in
549 800 755 840 dijudicandis
782 800 894 830 artium
918 799 1072 838 operibus,
1099 804 1203 828 utrum
1228 808 1299 838 per-

37 840 75 869 '=·L=
100 857 125 867 --·
147 843 210 874 sint
225 843 398 882 artifexque
413 843 556 882 speciem,
580 853 672 882 quam
695 850 799 873 mente
815 849 1008 882 conceperat,
1030 840 1169 880 attigerit
1185 841 1302 872 necne!

29 926 32 931 .
47 896 50 897 ⁷
96 883 272 927 [Boeotum]
299 888 391 917 Corn.
409 887 522 925 Nepos,
539 887 637 917 Alcib.
656 887 705 924 ll,
733 887 839 917 Omnes
854 887 955 917 Boeoti
975 887 1072 926 magis
1078 887 1222 924 firmitati
1235 896 1302 916 cor-

26 947 45 972 5,
63 935 72 939 “’
103 931 126 960 's
140 940 228 970 quam
243 931 359 970 ingenii
373 932 503 960 acumini
518 932 692 960 inserviunt.

21 991 26 999 ι·
86 973 160 1010 245,
176 973 249 1004 246.
274 971 334 1013 [At
349 971 459 1013 neque]
485 975 492 989 ‘
508 974 556 1004 Tu
571 979 677 1003 contra
694 973 908 1004 tantummodo
923 972 1185 1012 praestantissimis
1201 972 1302 1011 poetis

33 1027 65 1043 ν
84 1017 202 1046 es.’—
218 1014 329 1056 [multa
352 1018 455 1047 dantis
471 1028 537 1048 cum
561 1015 667 1057 laude]
693 1017 757 1047 ‘ita
776 1016 887 1052 dantis,
912 1023 946 1046 ut
964 1018 1002 1046 ab
1018 1016 1161 1045 omnibus
1179 1015 1301 1054 Virgilii

24 1058 192 1100 Variique
218 1060 316 1099 aequis
345 1060 582 1090 aestimatoribus
608 1060 718 1090 merito
744 1060 937 1094 laudarere;’
968 1060 1043 1096 sive,
1073 1065 1105 1089 ut
1130 1058 1302 1089 Lambinus

89 1125 98 1139 ‚
131 1103 251 1133 ‘multii
277 1104 332 1134 tufi
355 1114 424 1133 cum
454 1104 567 1134 laude?
590 1120 634 1125 —-
653 1104 799 1144 Virgilius
828 1109 967 1133 mortuus
998 1108 1044 1132 est
1070 1111 1102 1132 Α.
1121 1111 1151 1133 U.
1170 1111 1198 1132 c.
1226 1102 1300 1139 735,

36 1159 38 1162 ·
54 1168 61 1170 >
97 1146 207 1177 Varius
221 1146 435 1177 item-videtur
451 1153 524 1177 ante
539 1147 619 1177 hanc
636 1147 808 1186 Epistolam
825 1147 1026 1186 compositam
1043 1152 1173 1175 mortem
1190 1147 1301 1176 obisse.

20 1191 62 1227 ss*
86 1189 266 1221 uso—256.
292 1187 470 1231 [sermones]
505 1190 634 1220 ‘satiras
660 1198 690 1220 et
715 1191 871 1230 epistolas,
903 1201 972 1228 quae
996 1199 1170 1220 sermonem
1197 1189 1299 1228 quoti-

34 1238 46 1253 ⁵⁷
75 1242 174 1263 unum
203 1233 361 1263 referunt:
392 1235 456 1264 Ser.
483 1234 523 1263 ad
550 1235 624 1264 Her.
648 1233 754 1269 3,13:
779 1235 903 1264 Sermo
929 1238 975 1264 est
998 1235 1093 1263 oratio
1119 1234 1246 1263 remissa
1270 1237 1301 1263 et

19 1277 171 1308 :1'’tima
190 1277 375 1316 quotidianae
401 1278 564 1307 locutioni:
594 1277 668 1307 hinc
697 1282 833 1316 repentes
857 1287 913 1316 per
941 1278 1069 1313 humum,
1093 1275 1205 1305 humili
1229 1275 1301 1306 stilo

22 1320 231 1360 --ιιιεοτίρῑοε
254 1320 392 1350 dicic-
409 1318 527 1360 [arces]
553 1323 560 1336 ‘
573 1331 653 1359 quae,
677 1320 818 1359 quamvis
837 1320 993 1349 montibus
1014 1320 1166 1358 impositae
1187 1325 1300 1355 essent,

29 1400 32 1402 ,
54 1372 147 1394 ›men
171 1372 190 1393 a
213 1368 243 1393 te
264 1369 361 1403 captae
385 1364 478 1394 sunt.¹
494 1380 538 1386 —
554 1362 690 1405 [tuisque
712 1361 882 1403 Auspiciis]
908 1364 994 1393 Suet.
1009 1364 1075 1392 Oct.
1093 1363 1152 1393 21:
1177 1363 1301 1393 Domuit

26 1410 48 1434 'rx'
70 1423 86 1432 ι·
101 1408 154 1437 tim
177 1407 300 1443 ductu,
321 1409 435 1447 partim
450 1409 635 1447 auspiciis
650 1408 713 1437 suis
731 1407 937 1443 Cantabriam,
953 1407 1161 1446 Aquitaniam,
1177 1407 1300 1436 Parmo-

49 1455 52 1458 ’
73 1466 87 1474 ’ν
157 1450 345 1480 Dalmatiam
370 1461 435 1481 cum
464 1451 590 1491 Illyrico
617 1451 715 1480 omni.-
744 1452 815 1481 item
837 1451 986 1480 Rhaetiam
1011 1454 1041 1480 et
1070 1450 1238 1479 Vindelicos
1262 1460 1300 1480 ac

40 1507 45 1514 ⁸
73 1509 78 1518 s
104 1503 189 1524 sos.
205 1491 406 1534 —[Janum]
441 1494 499 1524 od.
522 1494 551 1533 4,
576 1494 628 1531 15,
650 1495 683 1525 9.
721 1494 806 1524 Suet.
829 1495 896 1523 Oct.
922 1493 979 1523 22:
1005 1493 1115 1523 Janum
1139 1494 1299 1525 Quirinum

64 1558 70 1563 ι
84 1556 93 1560 ==
103 1538 134 1567 el
145 1541 235 1577 atque
255 1539 364 1568 iterum
375 1548 395 1568 a
409 1538 530 1568 condita
545 1539 618 1567 urbe
633 1539 802 1568 memoriam
816 1542 886 1567 ante
901 1547 986 1566 suam
1001 1537 1143 1572 clausum,
1160 1538 1191 1566 in
1206 1537 1299 1567 multo

17 1599 19 1602 -
103 1596 109 1605 ι
132 1591 176 1611 re
192 1582 332 1620 temporis
346 1582 454 1620 spatio,
480 1583 564 1611 terra
580 1582 714 1621 marique
731 1591 807 1620 pace
825 1582 928 1620 pared,
956 1584 1000 1610 ter
1025 1581 1124 1610 clusit.
1152 1579 1201 1619 (Α.
1219 1588 1250 1610 υ.
1268 1588 1298 1610 ο.

38 1630 53 1656 's'
76 1643 79 1645 ·
106 1645 116 1660 ‚
131 1623 204 1660 729,
220 1629 250 1653 et
265 1622 354 1663 744.)
371 1641 413 1646 —
424 1622 583 1664 [Parthis]
609 1625 666 1654 Od.
683 1624 713 1659 3,
729 1625 760 1661 5,
776 1625 805 1654 2.
851 1624 954 1654 Carm.
970 1625 1037 1653 Sec.
1053 1623 1104 1653 54.
1140 1623 1204 1653 Sat.
1220 1624 1251 1660 2,
1266 1624 1297 1659 5,

37 1670 73 1691 ’ων
85 1688 93 1696 .
117 1667 197 1707 Epp.
215 1666 244 1704 l,
261 1667 311 1703 12,
326 1667 378 1703 27.

39 1724 46 1735 ³
84 1709 158 1747 258,
175 1710 249 1741 259.
282 1707 422 1751 [recipit]
457 1711 633 1741 ‘admittit-⁹
681 1710 747 1741 Liv.
764 1711 815 1745 29,
833 1710 885 1747 24,
908 1721 941 1741 re
955 1709 1024 1750 jam
1042 1721 1099 1740 non
1115 1711 1198 1740 ultra
1219 1711 1298 1740 reci-

51 1786 54 1788 ,
80 1775 85 1778 ,
112 1757 141 1784 te
169 1755 395 1784 cunctationem.
411 1771 452 1776 —
469 1752 600 1795 [pudor]
639 1756 759 1784 ‘rectus
788 1764 896 1784 sensus
925 1755 991 1793 ejus
1022 1754 1105 1792 quod
1130 1754 1238 1784 decet.’
1254 1770 1298 1775 —

8 1819 9 1823 ,
38 1807 41 1812 ·
60 1794 215 1836 rement]
240 1798 276 1827 A.
294 1798 326 1827 Ρ.
342 1798 394 1834 39,
417 1799 491 1837 quid
495 1796 584 1837 ferre
598 1802 744 1835 recusent,
764 1797 846 1830 Quid
859 1798 978 1827 valeant
993 1799 1116 1827 humeri.

54 1858 58 1859 ν
82 1839 263 1872 ’260-262,
303 1839 489 1881 [Sedulitas]
528 1843 732 1879 officiousness.
784 1841 905 1878 Junge:
938 1851 1023 1881 quem
1057 1841 1148 1871 stulte
1181 1841 1296 1880 diligit.

66 1882 152 1913 Talis
172 1890 275 1914 autem
291 1885 439 1914 sedulitas
461 1882 599 1925 (Sidonii
617 1883 805 1923 Apollinaris
825 1883 1006 1924 officiositas)
1034 1891 1106 1914 tunc
1127 1885 1159 1913 in
1175 1884 1293 1923 primis,

43 1935 139 1971 „mum
154 1935 261 1957 versus
283 1937 354 1957 suos
372 1928 599 1966 artificiumque
623 1928 778 1967 poeticum
802 1928 965 1957 venditans
986 1927 1074 1957 nobis
1090 1938 1122 1957 se
1137 1937 1295 1957 commen-

49 1974 52 1977 '
83 1979 116 2000 re
130 1971 245 2006 studet,
260 1971 390 2001 molesta
405 1971 492 2001 nobis
507 1971 638 2001 accidit.'
653 1987 695 1992 ——
713 1969 832 2011 [Discit
844 1969 936 2010 enim]
962 1973 970 1987 ‘
980 1971 1113 2009 aliquis.’
1158 1972 1177 1986 “
1191 1970 1295 2009 Signi-

71 2017 113 2043 ».t
126 2019 231 2044 sutem
247 2015 362 2054 majore
378 2015 481 2044 studio
503 2015 648 2044 ridiculos
666 2024 772 2044 versus
795 2014 974 2054 panegyrici
991 2015 1120 2053 alicujus
1136 2015 1174 2044 ab
1194 2013 1296 2043 homi-

54 2056 132 2087 hus
161 2056 278 2086 festivis
303 2057 398 2088 edisci
427 2068 463 2088 ac
492 2058 642 2088 memoria.
671 2058 769 2088 teneri
797 2068 889 2097 quam
917 2058 1128 2092 admirabiles;
1164 2067 1237 2096 ergo
1262 2057 1295 2087 in

44 2131 46 2133 ,
77 2113 91 2122 ·’
137 2109 188 2129 arn
214 2101 395 2130 memoriam
418 2101 550 2131 foedatus
572 2108 630 2140 est,
658 2111 750 2140 quem
778 2102 838 2131 tale
863 2111 984 2131 carmen
1012 2101 1187 2140 polluerit.’'
1220 2102 1295 2131 Aer.

44 2161 57 2183 4
84 2143 168 2173 enim
198 2143 274 2173 tales
304 2144 363 2174 loci
393 2144 516 2174 ridiculi
542 2144 644 2174 satirae
662 2146 765 2182 ⁴instar
789 2150 862 2174 sunt
885 2145 917 2174 in
946 2155 1028 2181 eum,
1052 2155 1145 2183 quem
1167 2145 1295 2175 laudare

50 2189 54 2192 “
68 2201 70 2205 ν
90 2187 162 2216 ebat
176 2193 277 2226 poeta.

79 2229 155 2266 265,
171 2229 243 2260 266.
268 2228 316 2270 [in
338 2228 445 2271 pejus]
479 2230 557 2261 Plin.
574 2231 633 2270 Ep.
649 2232 679 2268 5,
699 2231 755 2261 10:
786 2232 827 2262 Ue
846 2233 980 2270 pictores
1000 2231 1158 2270 pulchram
1173 2232 1293 2262 absolu-

4 2279 5 2282 ’
59 2275 75 2295 ἵ
90 2283 158 2313 que
168 2271 300 2312 sormam
323 2285 395 2304 raro
417 2276 476 2304 nisi
497 2276 534 2304 in
555 2273 666 2315 pejus
688 2276 840 2314 effingunt.
853 2291 895 2296 --
908 2272 1044 2314 [cereus]
1070 2274 1231 2304 Probabile
1249 2280 1295 2304 est

57 2316 164 2346 oratii
186 2317 374 2356 temporibus
398 2327 501 2347 cereas
528 2317 679 2356 imagines
702 2318 837 2347 virorum
868 2318 1046 2356 illustrium,
1072 2318 1194 2354 ducum,
1225 2327 1295 2347 ora-

43 2357 54 2377 ·,
110 2369 152 2397 m,
173 2366 345 2399 poetarum,
367 2361 631 2401 philosophorum,
656 2361 781 2392 venales
803 2361 898 2391 fuisse
920 2371 976 2401 per
995 2364 1147 2399 tabernas,
1171 2371 1240 2401 quae
1255 2362 1295 2391 ab
