1390 2586
125 84 209 126 230
557 83 920 115 INTERPRETATIO.
1223 82 1349 129 [ama

125 182 220 212 tute.’'
240 183 346 212 Comm.
360 180 634 221 Cr.—[Nesorte]
653 183 710 212 ‘Ut
723 192 761 211 ne
776 187 981 221 pervertamus
996 186 1117 212 aetatum
1128 183 1346 223 χαρακτῆρι-ις,ι

125 225 258 254 studiose
274 226 311 254 ad
329 231 465 254 naturam
487 225 582 261 ipsam
605 235 655 254 eos
674 225 947 254 describemus.'—
965 225 999 254 V.
1014 234 1073 254 aevo
1088 225 1126 254 ad
1143 231 1302 263 utrumque
1317 234 1344 256 v.

125 266 275 307 adjunctis
292 266 375 304 (τοῖς
390 264 646 305 παρακειμένοις,
660 266 813 305 propriis),
828 274 859 296 et
872 268 951 305 aptis·
965 266 1103 304 pertinet.
1350 287 1354 296 ι

171 309 343 344 179-181-
388 307 454 347 [aut
481 314 549 338 acta
578 307 722 347 refertar]
765 309 798 337 [n
829 309 982 347 tragoediis
1010 309 1133 344 Graecis,
1164 318 1231 347 quae
1259 308 1354 340 extra,

125 361 245 380 scenam
271 358 427 388 geruntur,
455 358 487 380 ut
515 351 675 388 Antigonae
704 350 919 388 Haemonisque
944 360 1023 379 mors
1051 351 1131 389 apud
1158 350 1349 389 Sophoclemfr

125 403 235 431 pugnae
256 394 355 422 exitus
372 394 400 421 in
421 393 574 431 Euripidis
596 393 796 431 Supplicitms,
823 394 859 421 ab
882 390 1021 432 ἀγγέλῳ,
1044 402 1111 430 quae
1133 402 1211 431 poue
1226 402 1346 422 scenam

125 435 157 464 in
174 436 266 473 regia,
282 442 314 464 ut
330 441 442 464 mortes
459 436 628 473 Euryfficae,
651 436 787 471 Jocastae‚
810 435 971 471 Deianirae,
986 436 1023 463 ab
1041 433 1204 474 ἐξαγγέλῳ
1219 435 1346 464 facunde

125 487 295 507 narrantur.
310 475 523 516 —-[Segnie1s]
556 478 612 506 Est
637 477 730 506 veluti
754 477 943 514 proverbium
962 478 1026 515 jam
1052 478 1132 515 apud
1160 477 1347 506 Herodotum

128 518 154 553 l,
171 520 202 557 8,
224 519 291 549 ὦτα
315 518 378 559 γὰρ
400 517 559 558 τυγχάνει
580 517 803 559 ἀνθρώποισιν
822 517 919 549 ἐόντα
942 517 1140 558 ἀπιστότερα
1159 517 1345 558 ὀφθαλμῶν.

125 577 167 582 -
180 560 354 601 [fidelibus]
380 565 387 577 ⁴
399 563 507 599 quibus
523 562 649 599 quisque
667 561 833 591 necessario
852 561 942 590 fidem
958 561 1068 590 habet!
1249 579 1251 581 -

170 603 344 633 182-188.
375 602 471 643 [intus
493 605 593 642 Digna
606 602 688 643 geri]
718 603 828 642 partim
857 603 935 632 soeda
960 609 990 632 et
1012 602 1133 635 atrocia.
1161 612 1228 640 quae
1254 601 1346 632 nimio

125 646 249 675 horrore
264 655 298 675 ac
315 652 427 675 terrore
450 652 646 683 spectatorem
669 646 832 681 afficerent,
853 645 962 684 partim
978 644 1175 680 incredibilia,
1201 650 1234 674 ut
1249 649 1347 674 trans·

125 688 320 717 formationes
335 688 394 717 illae
412 689 540 717 Procnes
555 696 583 717 et
601 689 707 717 Cadmi
723 698 740 717 a
755 687 938 725 mythologis
959 687 1086 721 traditae,
1109 696 1186 724 quae,
1207 686 1232 716 si
1247 695 1347 716 coram

125 731 236 768 populo
258 730 374 764 fierent,
397 731 526 768 speciem
551 732 719 767 praeberent
745 739 837 768 prope
862 727 1256 768 ridiculam.—[sacundia
1269 738 1347 767 μνω-

125 770 207 810 sens]
240 773 394 806 ‘nuntius‚
415 772 468 810 qui
492 772 643 801 horribilis
669 778 721 801 aut
745 772 907 810 prodigiosi
933 771 1060 809 alicujus
1086 770 1154 800 facti
1182 770 1265 800 testis
1290 769 1348 800 fuit

125 815 261 843 oculatus
277 824 309 843 ac
325 815 369 842 vel
387 820 544 852 propterea
560 814 687 843 facunde
711 815 786 843 illud
807 813 959 843 narrabit:
970 829 1009 834 —
1024 810 1164 852 [pueros]
1194 814 1347 850 “quorum

125 858 249 885 nomina
276 857 384 885 Medus
408 863 438 885 et
462 857 660 886 Mermerus.¹’
699 858 769 886 Acr.
784 853 982 895 —[Procne]
1008 855 1039 884 in
1064 854 1217 893 Sophoclis
1241 854 1347 890 Tereo,

126 899 163 927 de
203 909 263 936 quo
302 906 430 935 tyranno
458 899 489 927 in
520 909 653 937 upupam
682 904 796 927 mutato
833 897 885 927 cfr.
916 897 1072 938 Aristophr.
1116 897 1194 926 Aves
1223 896 1292 926 100.
1306 911 1349 919 -

126 938 327 980 [incredulus]
357 941 497 970 Refertur
519 950 578 969 non
605 947 664 969 tam
687 941 726 969 ad
743 941 883 970 Medeam
905 945 936 968 et
958 941 1082 968 Atreum
1106 939 1182 968 filios
1206 939 1347 976 Thyesta

123 983 224 1012 fratris
240 988 429 1020 coquentem,
450 993 539 1020 quam
554 983 590 1011 ad
609 984 740 1012 Procnen
757 983 787 1011 in
803 981 999 1010 hirundinem
1025 980 1092 1020 (cfr.
1110 982 1166 1011 Od.
1183 980 1213 1015 4,
1237 979 1284 1016 12,
1299 979 1362 1019 6,)v

125 1031 155 1054 et
183 1026 331 1054 Cadmum
363 1025 393 1054 in
420 1026 580 1054 draconem
611 1021 915 1063 mutatum—[odi]
949 1023 1105 1062 ‘respuo3’
1143 1022 1348 1052 ‘intolerabile

125 1067 200 1096 mihi
219 1067 355 1096 videtur!

170 1109 238 1140 189.
263 1109 360 1148 [Neve
391 1107 498 1148 minor]
523 1109 668 1138 ‘Certum
693 1109 815 1137 modum
839 1114 869 1137 et
894 1105 1055 1147 ἁρμονίαν
1078 1107 1204 1145 requirit
1227 1105 1347 1139 fabulam

126 1161 197 1180 nam
213 1152 236 1180 si
253 1152 380 1180 nimium
398 1151 495 1180 brevis
517 1157 571 1184 est,
591 1151 765 1189 spectatoris
788 1155 919 1179 mentem
943 1159 1002 1178 non
1023 1149 1125 1188 explet
1146 1158 1200 1178 nec
1219 1148 1290 1178 satis
1310 1143 1348 1178 δι’

125 1191 214 1223 ἐλέου
237 1193 290 1223 καὶ
311 1191 415 1233 φόβου
436 1191 580 1233 περαίνει
600 1193 663 1230 τὴν
685 1193 751 1222 τῶν
773 1189 930 1222 τοιούτων
953 1188 1162 1231 παθημάτων
1186 1187 1349 1231 κάθαρσιν

126 1233 268 1276 (Aristot.
294 1237 374 1265 Poet.
399 1235 443 1273 6).
489 1236 541 1264 Sin
566 1236 682 1273 justum
712 1235 833 1263 modum
859 1234 988 1269 excedit,
1014 1234 1079 1271 ipsa
1104 1233 1167 1262 haec
1193 1232 1349 1272 productio

126 1278 237 1307 minuit
252 1278 424 1315 sensimque
440 1278 589 1306 consumit
601 1277 799 1315 spectantium
816 1275 1012 1305 affectus.’—
1024 1272 1286 1314 [quinto—actu]
1311 1274 1347 1304 ln

127 1320 235 1358 quinos
251 1326 334 1349 actus
350 1326 416 1358 post
431 1319 640 1356 grammaticos
655 1319 876 1348 Alexandrinos
887 1317 1014 1346 Romani
1030 1317 1205 1347 dividebant
1219 1316 1348 1351 fabulam

126 1368 230 1391 contra
247 1370 360 1391 veteres
377 1362 474 1390 Graeci
495 1362 525 1390 iu
549 1360 725 1402 πρόλογον,
749 1358 911 1391 ἐπεισόδια
936 1358 1038 1401 (τρία)
1063 1365 1093 1388 et
1115 1356 1236 1395 ἔξοδον,
1259 1359 1301 1388 ita
1316 1367 1350 1388 ut

129 1414 233 1443 reapse
251 1405 357 1433 divisio
373 1405 410 1432 ad
427 1404 505 1432 idem
523 1405 643 1433 rediret.

172 1447 240 1482 191,
259 1446 325 1477 192.
352 1445 433 1485 [Nec
447 1444 534 1483 deus]
560 1446 629 1477 Qua
644 1445 792 1474 solutione
815 1444 905 1473 nimis
927 1442 1016 1479 facili,
1042 1443 1094 1472 sed
1116 1443 1172 1472 arti
1192 1442 1349 1479 contraria,

128 1499 222 1527 quum
237 1489 347 1517 solutio
365 1498 402 1517 ex
420 1488 514 1526 ipsius
531 1488 631 1516 fabula
646 1487 830 1516 oeconomica
849 1485 1045 1524 dispositione
1059 1486 1179 1524 prodire
1202 1494 1235 1514 ac
1251 1494 1303 1523 per
1318 1493 1350 1514 se

129 1531 261 1560 dilucida
276 1540 339 1559 esse
355 1531 473 1565 debeat,
490 1540 568 1567 saepe
585 1530 669 1558 abusi
685 1535 755 1558 sunt
770 1528 932 1567 Euripides
946 1533 976 1557 et
991 1527 1043 1562 illi,
1059 1528 1096 1556 de
1111 1527 1219 1565 quibus
1233 1527 1348 1556 Aristo-

128 1574 202 1602 teles
226 1574 307 1602 Poet.
337 1573 382 1607 18,
410 1571 529 1602 πολλοὶ
553 1568 584 1600 δὲ
610 1568 789 1606 πλέξαντες
812 1569 843 1600 εὖ
869 1568 984 1600 λύουσι
1012 1570 1124 1605 κακῶς.
1185 1570 1271 1598 Idem
1302 1568 1350 1604 15,

128 1614 270 1656 φανερὸν
285 1612 335 1644 ὅτι
351 1614 401 1644 καὶ
419 1613 478 1649 τὰς
498 1612 608 1649 λύσεις
626 1615 693 1643 τῶν
711 1611 826 1652 μύθων
848 1611 881 1646 ἐξ
901 1609 1002 1641 αὐτοῦ
1017 1609 1065 1641 δεῖ
1080 1611 1136 1642 τοῦ
1150 1608 1258 1651 μύθου
1272 1619 1352 1650 συμ-

127 1655 268 1695 βαίνειν,
284 1655 337 1686 καὶ
352 1656 397 1696 μὴ
415 1655 522 1697 ὥσπερ
537 1654 572 1685 ἑν
587 1655 629 1696 τῇ
643 1653 768 1695 Μηδείᾳ
780 1653 848 1684 ἀπὸ
862 1654 1026 1694 μηχανῆς.
1036 1652 1210 1692 —[dignus
1220 1649 1350 1692 vindice]

129 1701 138 1715 ⁴
150 1709 244 1738 quum
261 1700 348 1728 aliter
370 1699 434 1728 fieri
460 1699 574 1736 nequit,
599 1705 630 1726 ut
650 1698 730 1736 apud
747 1698 923 1736 Sophoclem
945 1698 1009 1725 sine
1027 1696 1166 1725 Herculis
1181 1694 1351 1724 interventu

130 1741 311 1771 Philoctetes
338 1751 397 1770 non
423 1741 554 1778 'l‘rojam,
580 1741 632 1769 sed
660 1741 691 1768 in
721 1739 847 1778 patriam
870 1739 1118 1777 proficisceretur,
1142 1738 1172 1766 in
1196 1736 1351 1775 Euripidis

131 1784 310 1822 Hippolyto,
343 1783 401 1812 nisi
431 1784 529 1811 Diana
554 1782 763 1815 intercederet,
800 1781 850 1810 ille
878 1790 946 1810 cum
977 1786 1060 1818 patre
1087 1779 1118 1808 in
1142 1780 1270 1817 gratiam
1289 1788 1351 1808 non

129 1826 249 1856 rediret.
299 1826 411 1855 Vindex
428 1825 519 1862 igitur
538 1825 607 1862 ‘qui
623 1833 741 1853 summo
757 1823 787 1852 in
803 1823 937 1861 periculo
949 1829 1117 1851 versantem
1132 1822 1230 1851 subito
1244 1821 1353 1850 liberat

130 1874 159 1897 et
175 1865 283 1906 eripit.'
308 1868 443 1897 Gesn.-—
455 1866 522 1906 [nec
537 1864 661 1905 quarta]
685 1869 692 1881 ‘
708 1865 852 1903 Tragicus
867 1865 898 1894 id
913 1874 1018 1894 cavere
1033 1864 1131 1899 debet,
1150 1873 1186 1892 ne
1201 1867 1351 1892 attentum

129 1910 304 1948 spectatoris
319 1910 453 1938 animum
470 1919 506 1938 eo
521 1908 644 1943 dividat,
665 1909 746 1945 quod
761 1909 790 1936 in
807 1908 912 1936 effidem
928 1907 1018 1935 scena
1034 1911 1100 1944 post
1119 1913 1353 1945 πρωταγωνισ-

131 1950 203 1989 τήν,
230 1949 539 1991 δευτεραγωνιστήν,
565 1947 839 1990 τριταγωνιστήν,
861 1949 985 1978 inducat
1005 1948 1096 1978 etiam
1119 1954 1257 1985 quartam
1282 1956 1352 1986 per-

130 2004 246 2029 sonam,
272 1995 357 2032 cujus
388 1999 487 2032 partes
513 2002 598 2032 paene
627 2001 856 2030 supervacaneae
885 1991 954 2025 sint,
977 1991 1052 2020 adeo
1076 1995 1108 2018 ut
1131 1991 1209 2028 loqui
1231 1989 1352 2024 laboret,

130 2037 290 2066 difficulter
310 2046 343 2064 ac
365 2036 488 2064 moleste
509 2035 639 2064 sermoni
663 2044 727 2063 sese
750 2033 904 2062 intrudat!
948 2033 1037 2064 Quod
1063 2031 1195 2061 studiose
1220 2031 1352 2061 vitarunt

131 2079 294 2117 AEschylus
310 2084 339 2107 et
353 2078 523 2115 Sophocles.
569 2077 616 2106 Sic
633 2077 662 2105 in
679 2075 866 2114 Choephoris
879 2075 985 2113 Pyladi
1001 2075 1174 2103 tribuuntur
1189 2079 1248 2103 tres
1262 2073 1351 2103 dum-

130 2127 212 2150 taxat
230 2131 331 2149 versus
347 2120 522 2153 900-902‚
539 2119 569 2148 in
587 2119 740 2156 Sophoclis
757 2118 876 2147 Electra
891 2122 975 2146 muta
990 2123 1035 2146 est
1050 2125 1184 2154 persona.

175 2162 346 2194 193—195.
373 2160 523 2200 [Actoris]
548 2161 700 2190 Absolutis
715 2160 772 2195 his,
785 2169 852 2198 quae
867 2159 903 2188 de
919 2158 1045 2196 singulis
1059 2158 1194 2196 personis
1208 2161 1238 2186 et
1253 2157 1290 2186 de
1304 2155 1353 2195 iis,

130 2215 198 2243 quae
223 2203 291 2234 ἀπὸ
313 2205 468 2243 μηχανῆς
484 2205 639 2238 vocabant,
662 2208 747 2231 erant
762 2202 918 2237 tradenda,
935 2202 998 2239 jam
1016 2201 1122 2230 transit
1136 2200 1174 2229 ad
1189 2198 1271 2228 chori
1287 2198 1352 2227 offi-

130 2248 210 2277 cium
226 2252 256 2276 et
269 2244 432 2286 ἁρμονὶαν
444 2256 512 2276 cum
525 2246 645 2284 integra
660 2244 806 2282 tragoediii
817 2253 863 2274 vv.
878 2242 1050 2274 193—201.
1074 2243 1083 2258 ‘
1093 2241 1230 2277 Chorus,'
1243 2240 1352 2279 inquit,
