1390 2586
123 94 175 133 84
454 101 768 130 EPISTOLARUM
798 101 886 128 Lm.
910 101 959 130 11.
982 89 1019 128 1.

129 203 197 244 Sic
217 202 347 243 fautor
367 208 562 250 veterum,
587 208 629 241 ut
649 200 803 241 tabulas
822 214 988 253 peccare
1008 205 1205 249 vetantes,

131 259 244 307 Quas
267 259 324 297 bis
345 258 523 312 quinque
545 257 618 297 viri
638 265 869 303 sanxerunt,
893 255 1044 296 foedera
1063 270 1205 311 regum

129 315 207 356 Vel
232 314 374 355 Gabiis
396 314 457 352 vel
480 328 569 354 cum
591 312 729 365 rigidis
749 320 905 366 aequata
927 312 1099 360 Sabinis,
1294 314 1348 351 25

131 371 375 412 Pontificum
398 369 528 416 libros,
551 383 700 409 annosa
722 368 923 408 volumina
944 376 1090 416 vatum,

131 427 306 468 Dictitet
329 426 485 466 Albano
510 424 650 465 Musas
669 424 709 464 in
732 433 867 464 monte
890 423 1050 464 locutas.

137 484 194 531 Si,
217 482 311 536 quia
333 483 564 522 Graecorum
585 490 678 520 sunt
697 479 971 534 antiquissima
991 494 1161 534 qnaeque

136 539 294 592 Scripta
315 538 376 578 vel
398 538 558 592 optima,
585 536 756 577 Romani
779 544 994 590 pensantur
1014 535 1155 576 eadem

135 595 357 647 Scriptores
379 594 540 641 trutina,
563 608 639 633 non
663 601 724 633 est
743 592 848 646 quod
870 591 994 633 multa
1014 591 1247 646 loquamur:
1297 593 1354 630 30

134 651 204 691 Nil
227 651 330 691 intra
350 659 410 690 est
429 650 569 699 oleam,
592 649 647 688 nil
669 658 782 689 extra
802 656 863 688 est
883 648 921 687 in
944 662 1046 688 nuce
1066 647 1166 687 duri.

134 707 331 747 Venimus
351 706 399 746 ad
420 720 613 746 summam
635 706 824 753 fortunae3
856 703 1060 758 pingimus
1078 713 1200 758 atque

136 763 349 804 Psallimus
370 772 410 802 et
432 762 624 802 luctamur
646 760 812 801 Achivis
832 760 985 800 doctius
1007 759 1148 801 unctis.

138 819 181 860 Si
204 819 365 859 meliora
385 818 482 866 dies,
507 826 550 858 ut
570 818 673 865 vina,
697 825 880 871 poemata
899 815 1040 864 reddit,

139 875 249 916 Scire
271 874 402 922 velim,
427 874 596 928 pretium
619 873 763 914 chartis
783 882 928 927 quotus
947 878 1107 926 arroget
1126 886 1266 912 annus.
1300 873 1352 911 35

139 931 316 983 Scriptor
335 930 480 971 abhinc
499 944 624 970 annos
644 938 802 970 centum
825 928 893 983 qui
913 928 1071 977 decidit,
1094 928 1200 969 inter

140 987 344 1028 Perfectos
365 997 600 1041 veteresque
621 985 758 1026 referri
780 985 912 1033 debet,
934 999 983 1025 an
1007 984 1110 1024 inter

137 1043 250 1083 Viles
270 1052 391 1097 atque
414 1042 566 1082 novos?
610 1041 809 1082 Excludat
822 1040 959 1096 jurgia
978 1039 1079 1080 finis.

138 1099 213 1140 Est
234 1110 347 1140 vetus
366 1109 487 1153 atque
509 1097 667 1152 probus,
690 1106 849 1138 centum
872 1097 941 1151 qui
963 1095 1117 1151 perficit
1135 1110 1272 1136 annos.

139 1155 269 1203 Quid,
287 1156 355 1210 qui
377 1154 547 1207 deperiit
568 1154 695 1194 minor
717 1168 795 1194 uno
817 1168 952 1193 mense
974 1152 1036 1193 vel
1056 1167 1174 1201 anno,
1304 1154 1357 1190 40

139 1211 250 1252 Inter
271 1226 370 1265 quos
392 1211 622 1251 referendus
644 1208 750 1250 erit?
781 1217 988 1250 veteresne
1009 1218 1158 1263 poetam,

139 1269 206 1308 An
228 1283 327 1322 quos
349 1277 389 1307 et
409 1282 581 1321 praesens
603 1274 643 1306 et
663 1274 821 1320 postera
840 1272 1001 1319 respuat
1021 1263 1148 1306 aetas?

139 1323 222 1364 Iste
244 1324 406 1378 quidem
428 1333 582 1363 veteres
604 1323 706 1363 inter
726 1330 896 1377 ponetur
918 1321 1095 1370 honeste,

139 1380 222 1428 Qui
247 1381 307 1420 vel
331 1394 466 1419 mense
490 1379 599 1419 brevi
622 1378 683 1419 vel
705 1386 787 1419 toto
809 1378 1020 1432 estjunior
1039 1392 1156 1418 anno.

141 1436 247 1478 Utor
268 1436 471 1490 permisso,
494 1435 711 1489 caudaeque
733 1434 833 1489 pilos
855 1443 898 1474 ut
918 1433 1088 1487 equinae,
1303 1434 1357 1471 45

142 1493 355 1533 Paullatim
379 1492 482 1532 vello
503 1499 544 1531 et
564 1491 680 1531 demo
702 1505 838 1538 unum,
861 1489 977 1529 demo
998 1498 1039 1529 et
1058 1489 1154 1530 item
1176 1502 1313 1536 unum,

142 1549 253 1589 Dum
276 1548 389 1589 cadat
409 1549 542 1588 elusus
563 1547 714 1588 ratione
737 1545 886 1586 ruentis
907 1545 1050 1594 acervi,

142 1604 226 1652 Qui
249 1605 351 1646 redit
369 1604 416 1645 ad
440 1604 571 1651 fastos,
595 1612 635 1644 et
655 1602 840 1643 virtutem
863 1601 1032 1642 aestimat
1051 1600 1179 1649 annis,

143 1660 400 1715 Miraturque
422 1659 532 1708 nihil,
556 1659 631 1699 nisi
653 1658 758 1713 quod
783 1657 960 1698 Libitina
979 1657 1158 1698 sacravit.

142 1716 312 1764 Ennius,
336 1725 376 1757 et
395 1716 552 1770 sapiens
573 1723 614 1755 et
634 1715 743 1755 fortis
765 1722 804 1754 et
824 1714 923 1754 alter
946 1713 1162 1762 Homerus,
1305 1714 1358 1751 50

143 1773 206 1814 Ut
225 1773 348 1814 critici
371 1772 520 1820 dicunt,
544 1771 682 1812 leviter
703 1785 839 1811 curare
860 1769 1028 1819 videtur,

144 1829 238 1877 Quo
258 1829 448 1884 promissa
468 1827 610 1868 cadant
630 1835 671 1867 et
690 1826 842 1867 somnia
866 1826 1133 1881 Pythagorea.

146 1885 311 1927 Naevius
332 1885 370 1924 in
395 1884 575 1924 manibus
597 1898 675 1923 non
698 1891 769 1931 est,
792 1890 832 1923 et
853 1883 1052 1923 mentibus
1072 1881 1197 1923 haeret

146 1942 268 1983 Paene
290 1940 457 1982 recens?
518 1939 632 1980 Adeo
652 1947 829 1980 sanctum
854 1946 914 1979 est
934 1950 1048 1979 vetus
1068 1953 1184 1979 omne
1205 1951 1358 1992 poema.

144 1998 378 2053 Ambigitur
399 1996 554 2051 quoties
577 2005 663 2036 uter
685 2004 771 2036 utro
793 1995 843 2036 sit
863 1994 982 2049 prior,
1003 1994 1134 2035 aufert
1307 1995 1361 2033 55

148 2054 344 2094 Pacuvius
364 2053 469 2093 docti
490 2053 632 2092 famam
654 2052 772 2099 senis,
798 2051 945 2092 Accius
965 2050 1059 2092 alti:

145 2109 308 2150 Dicitur
331 2110 471 2150 Afrani
495 2118 588 2163 toga
608 2107 840 2149 convenisse
866 2106 1113 2153 Menandr03

147 2165 315 2207 Plautus
334 2166 382 2206 ad
405 2164 606 2217 exemplar
631 2164 754 2204 Siculi
777 2177 987 2218 properare
1011 2161 1266 2218 Epicharmi;

145 2221 320 2262 Vincere
344 2221 530 2263 Caecilius
549 2220 757 2276 gravitate,
781 2219 998 2260 Terentius
1016 2228 1113 2260 arte.

146 2278 235 2319 Hos
256 2278 407 2326 ediscit,
430 2286 470 2319 et
492 2277 560 2319 hos
579 2286 687 2318 arcto
706 2276 851 2332 stipata
871 2276 1036 2324 theatro,
1306 2277 1358 2313 60
