1390 2586
116 127 196 169 196
535 124 896 157 mrem’ne'rmto.
1207 119 1326 164 [amn.

158 227 250 258 6-8.
275 223 437 266 [studiosa]
468 226 592 264 ‘cupida
617 224 801 254 litterarum!
830 224 909 253 Cels.
933 223 960 260 1,
990 223 1021 253 2.
1061 221 1160 261 “lpse
1190 221 1328 252 Tiberius

117 269 240 299 doctus‘’
255 268 298 307 (et
314 278 391 305 saepe
407 267 524 297 curiosa
538 267 706 296 eruditione
721 266 822 296 amicis
837 266 994 295 molestus:
1015 266 1094 295 Suet.
1109 264 1174 294 Tib.
1186 263 1254 301 70,)
1270 265 1289 280 “
1299 270 1329 295 et

117 312 218 342 doctos
234 312 355 340 comites
378 310 511 339 habuit.¹’
544 310 650 347 Porph.
663 325 701 330 --·
714 306 845 348 [cohors]
870 308 1027 338 Paullatim
1049 317 1113 336 mos
1138 306 1274 343 invaluit,
1295 311 1330 336 ut

116 354 159 384 sic
187 354 387 392 appellaretur
413 363 487 391 grex
517 350 611 390 (Epp.
640 351 667 387 l,
692 352 722 386 9,
750 350 801 389 13)
831 350 1063 380 adolescentium
1093 348 1249 384 nobilium,
1277 348 1330 387 qui

117 397 337 425 comitabantur
362 394 567 433 proconsulem
591 394 637 422 vel
661 402 870 431 quemcunque
894 393 987 421 alium
1009 401 1076 422 cum
1098 391 1225 430 imperio
1246 396 1331 420 extra

117 440 223 467 urbem
254 437 386 466 missum.
420 437 483 466 Cic.
512 437 550 464 ad
576 436 614 467 Q.
640 436 689 465 Fr.
715 436 742 471 1,
771 434 798 470 l,
824 433 1173 474 4.—[quid—operum
1197 435 1286 462 struit
1297 430 1329 472 ἲ]

118 482 206 518 ‘quae
232 479 341 517 scripta
365 478 516 517 componit
527 478 549 506 2‘
585 479 678 507 Schol.
692 494 732 498 —
746 475 867 516 [sumit]
892 477 1113 515 ‘praedicandas
1135 475 1240 513 eligit‚’
1263 485 1330 504 cum

118 522 268 552 infinitivo
285 527 316 550 ut
332 522 388 550 Od.
407 521 432 555 l,
453 521 500 555 12,
521 520 568 555 ll,
588 521 676 552 Quem
687 521 781 549 virum
795 521 884 549 sumis
898 519 1117 549 celebrare?--
1129 516 1235 557 [Bella
1249 514 1330 556 quin]

119 562 323 604 ἐπεξὴγησις.
366 565 374 579 ’
389 563 463 595 Quis
480 563 571 602 igitur
586 563 672 597 bella,
693 572 760 600 quae
776 562 826 590 ille
839 561 940 599 gessit,
963 570 1060 600 paces,
1079 569 1153 599 quas
1167 559 1253 589 victis
1274 559 1331 589 im-

118 608 230 646 posuit.
248 607 286 635 ad
302 606 502 644 posteritatem
519 614 682 643 propagare
697 610 820 633 conatur
829 604 853 632 Γ

163 650 193 679 9.
217 647 314 686 [Quid
339 646 451 687 Titius]
480 647 596 676 Jacobs.
622 645 653 675 in
672 646 766 675 Lectt.
790 646 901 675 Venus.
922 656 950 684 p.
966 645 1036 675 355.
1062 645 1208 674 “Horace
1222 643 1248 672 is
1261 643 1333 673 here

120 691 268 730 speaking
284 690 318 719 os
335 691 385 719 the
399 691 462 719 will
482 690 541 718 and
563 688 662 727 efforts
680 688 714 717 of
731 688 844 717 Titius:
868 688 906 716 he
929 687 1157 725 acknowledges
1179 686 1226 716 his
1250 685 1335 725 spirit

121 734 182 762 and
205 733 251 762 his
271 731 389 770 pursuit
407 732 441 760 of
462 731 537 769 lofty
562 731 656 764 aims;
680 732 734 760 but
755 731 793 759 he
818 736 910 759 utters
930 739 969 759 no
992 729 1133 764 decision,
1153 738 1208 758 nor
1229 728 1268 757 do
1290 736 1335 757 we

122 785 197 804 even
218 776 309 804 know
326 775 397 803 with
423 773 569 812 certainty
585 773 720 802 whether
740 773 778 802 he
796 782 856 802 was
879 772 1056 810 acquainted
1070 771 1143 800 with
1163 780 1223 809 any
1237 769 1335 809 proosa

122 818 157 846 of
176 818 199 846 T
202 818 299 846 itius's
320 818 437 846 talents.
483 816 547 844 The
570 816 647 854 hope
670 816 741 853 only
755 814 789 844 os
806 815 852 843 his
875 824 990 844 success
1010 813 1036 843 is
1057 813 1266 851 benevolently
1281 821 1336 842 ex·

122 860 263 898 pressed;
289 860 348 888 and
369 859 419 888 the
437 858 608 897 expression
629 857 664 886 of
684 857 742 886 this
763 857 850 895 hope,
872 858 932 886 and
953 856 1063 885 indeed
1083 855 1129 884 his
1152 855 1258 892 taking
1277 864 1337 894 any

123 902 222 931 notice
240 901 274 931 of
290 901 369 930 what
385 901 435 930 the
452 910 554 939 young
569 900 627 929 and
642 900 776 938 aspiring
791 909 859 928 man
875 909 934 928 was
950 898 1085 936 engaged
1100 898 1143 933 in,
1165 903 1246 926 must
1262 896 1337 926 have

125 945 202 973 been
217 953 288 981 very
303 943 454 980 flattering
469 948 499 972 to
515 943 587 972 him.
613 942 667 971 We
683 942 771 970 know
788 946 840 970 not
855 941 988 970 whether
1006 941 1103 970 Titius
1117 949 1185 969 ever
1197 938 1338 968 obtained

124 987 176 1015 the
199 987 295 1024 object
314 986 348 1015 os
365 985 410 1014 his
426 984 595 1018 exertions;
619 990 648 1013 to
664 994 698 1013 us
714 983 759 1013 his
778 983 881 1013 merits
900 993 933 1012 or
954 983 1096 1012 demerits
1119 991 1170 1011 are
1190 981 1270 1010 alike
1292 981 1338 1010 in·

125 1029 283 1058 different:
308 1033 361 1057 not
383 1037 425 1062 sn,
453 1028 600 1062 however,
624 1027 674 1055 the
697 1027 777 1055 mind
796 1026 830 1055 of
850 1027 901 1054 the
918 1031 996 1064 poet,
1020 1035 1052 1054 as
1067 1025 1090 1053 it
1105 1024 1236 1062 displays
1251 1022 1340 1060 itself,

125 1071 155 1100 in
175 1071 254 1099 what
271 1071 307 1099 he
324 1075 416 1099 wrote
431 1070 463 1098 of
475 1070 534 1098 and
550 1074 580 1098 to
596 1068 642 1097 his
657 1068 799 1097 friends.”
824 1068 921 1097 Titius
935 1075 1035 1097 autem
1050 1067 1174 1096 sortasse
1190 1065 1268 1094 filius
1283 1065 1342 1095 fuit

125 1113 171 1143 M.
190 1113 262 1142 Titii
286 1123 344 1141 cos.
365 1111 480 1141 suffecti
505 1119 618 1140 A.u.c.
642 1110 713 1145 723.
746 1110 855 1139 “Libri
878 1111 942 1148 ejus
966 1110 1039 1138 nulli
1059 1108 1208 1138 exstant.’'
1234 1108 1340 1138 Comm.

129 1156 268 1194 Cruq.—
283 1155 378 1191 [brevi
399 1158 536 1184 venturus
561 1155 591 1182 in
616 1151 683 1191 ord]
709 1153 861 1182 ‘nondum
888 1152 1009 1190 quidem
1033 1157 1120 1180 notus
1141 1151 1254 1180 civibus
1278 1149 1342 1179 suis

128 1202 250 1236 propter
274 1197 403 1235 poeticas
429 1196 542 1231 laudes,
567 1195 620 1224 sed
644 1195 705 1233 qui,
729 1194 779 1224 ubi
805 1194 932 1224 ediderit
957 1193 1100 1230 carmina,
1124 1192 1207 1222 brevi
1230 1201 1341 1221 nomen

127 1238 288 1269 vendibilis
304 1245 398 1277 poetae
414 1238 595 1267 merebitur.’

173 1281 305 1311 10—14.
331 1278 487 1320 [expalluit
511 1277 648 1318 haustus]
674 1279 787 1308 Eadem
809 1284 916 1307 constr.
933 1284 1023 1316 atque
1038 1277 1094 1307 Od.
1110 1278 1139 1311 2,
1156 1276 1204 1314 12,
1219 1275 1249 1311 7,
1261 1277 1342 1315 peri-

129 1324 224 1354 culum
239 1325 416 1352 contremuit.
462 1323 520 1352 Od.
535 1322 566 1355 3,
582 1323 631 1357 27,
647 1322 695 1350 28.
743 1324 750 1336 ‘
762 1321 841 1356 Qui‚’
858 1321 966 1358 inquit,
982 1320 1032 1348 ‘in
1050 1320 1179 1349 Pindaro
1196 1319 1344 1348 imitando

130 1366 208 1394 vires
222 1375 290 1394 suas
305 1365 467 1403 experitur,
481 1374 530 1394 me
542 1373 632 1402 prope
648 1363 862 1393 confidentior.’
878 1361 952 1402 (od.
964 1362 992 1398 4,
1003 1360 1047 1400 2.)
1057 1378 1099 1383 -
1112 1359 1237 1401 [fontis]
1255 1361 1343 1390 Ovid.

133 1408 201 1437 Am.
218 1408 247 1443 3,
263 1408 292 1442 9,
309 1409 358 1443 25,
381 1406 488 1445 Adjice
510 1406 683 1441 Maeoniden,
700 1416 719 1435 a
740 1416 794 1444 quo
814 1415 866 1435 ceu
878 1403 963 1443 fonte
976 1406 1096 1443 perenni
1115 1404 1219 1434 Vatum
1235 1403 1345 1433 Pieriis

134 1461 184 1480 oro
206 1451 343 1488 rigantur
359 1451 451 1488 aquis.
495 1449 592 1478 Lacus
609 1448 786 1487 (reservoirs,
801 1446 935 1486 cisterm)
952 1454 981 1476 et
997 1448 1052 1476 rivi
1065 1447 1162 1484 aperti
1174 1445 1347 1484 significant

135 1502 196 1521 non
209 1498 311 1530 poetas
327 1492 434 1529 lyricos
451 1491 578 1520 Pindaro
597 1490 760 1524 inferiores,
783 1491 835 1519 sed
858 1490 953 1528 poesis
975 1498 1087 1526 genera
1109 1495 1139 1517 et
1163 1487 1295 1517 faciliora
1314 1492 1345 1516 et

134 1534 256 1563 leviora.
268 1550 310 1555 ——
322 1532 335 1573 [
345 1535 383 1563 Ut
395 1535 471 1563 valet
484 1531 515 1572 ?]
541 1534 632 1562 Recte
649 1532 798 1569 Cruquius
812 1542 818 1560 :
842 1533 850 1547 ⁴
862 1532 924 1560 haec
939 1531 1027 1569 plena
1043 1535 1113 1560 sunt
1127 1529 1235 1559 amoris
1250 1530 1343 1558 bene-

133 1574 398 1615 voli.'-—-[aptare
425 1573 535 1615 modos]
559 1575 618 1604 ctr.
646 1575 702 1603 Od.
727 1575 755 1609 2,
782 1574 829 1608 12,
853 1574 882 1609 4,
912 1574 1021 1612 Aptari
1047 1574 1168 1602 cithara·
1191 1573 1347 1601 modis.—

137 1617 269 1658 [auspice
284 1619 373 1647 Musd
385 1616 417 1657 ?]
441 1618 510 1647 Sine
526 1617 675 1654 imagine:
699 1617 707 1631 ‘
720 1616 836 1654 poetica
855 1616 993 1644 facultate
1013 1614 1105 1644 fretus
1128 1621 1157 1643 et
1180 1613 1258 1643 felici
1275 1622 1344 1643 cum

134 1671 272 1690 successu
296 1661 498 1690 Pindarumne
520 1669 552 1688 re
572 1659 641 1687 vera
666 1668 745 1687 nunc
767 1658 946 1687 aemulatur?
967 1667 1005 1686 an
1031 1657 1068 1686 ad
1088 1656 1247 1695 tragoedias
1272 1655 1345 1685 scri-

134 1703 248 1732 bendas
267 1703 328 1740 jam
345 1702 439 1740 magis
455 1701 578 1731 inclinat
591 1701 614 1730 ‘l'
646 1701 825 1729 Fluctuabat
850 1700 951 1738 igitur,
976 1705 1009 1728 ut
1031 1699 1189 1728 manifesto
1212 1703 1346 1737 apparet,

137 1745 235 1774 Titius
250 1745 328 1773 inter
343 1745 402 1774 duo
421 1754 542 1782 genera,
564 1743 697 1772 incertus
717 1742 806 1771 etiam
829 1749 910 1777 tunc,
930 1748 1030 1771 utrum
1046 1741 1236 1770 Pindaricum
1251 1749 1349 1778 genus

135 1793 257 1826 propter
281 1787 446 1815 novitatem
471 1786 585 1824 primus
612 1786 690 1814 inter
717 1786 868 1813 Romanos
892 1785 1051 1819 excoleret,
1081 1793 1119 1812 an
1145 1782 1347 1812 recentiorum

135 1829 312 1867 tragoediam
344 1825 707 1867 Latinam.·—[desaevit]
741 1833 774 1856 ut
804 1827 884 1864 Virg.
913 1827 981 1856 AEn.
1014 1826 1043 1862 4,
1071 1826 1122 1862 52,
1148 1826 1217 1855 dum
1242 1825 1350 1863 pelago

135 1873 253 1902 desevit
275 1872 374 1905 hiems,
399 1880 443 1909 pr.
460 1871 515 1900 ‘ex
536 1870 616 1904 alt0,'
642 1870 673 1898 id
693 1875 747 1904 est,
766 1869 978 1898 ‘vehementer
1000 1868 1102 1898 saevit-¹
1146 1866 1288 1897 Refertur
1309 1866 1348 1896 ad

135 1914 280 1942 violentas
308 1913 400 1942 animi
423 1912 661 1951 perturbationes
687 1911 789 1950 (iram,
810 1911 964 1947 saevitiam,
987 1919 1128 1944 amorem,
1150 1907 1308 1947 furorem),
1329 1917 1349 1938 a

137 1956 259 1994 tragicis
273 1964 427 1994 expressas
441 1966 448 1989 ς
470 1955 627 1993 ampullari
641 1959 753 1989 autem,
773 1959 806 1982 ut
821 1954 993 1982 Graecorum
1008 1950 1204 1989 ληκυθέζειν,
1226 1951 1263 1980 de
1283 1959 1348 1979 am-

136 1999 186 2037 plo
201 2004 232 2027 et
247 1996 406 2035 magnifico
418 1998 562 2026 sermonis
577 1996 681 2034 tragici
696 2002 803 2025 ornatu
817 2005 875 2024 non
891 1995 955 2024 sine
967 1993 1205 2032 exaggerationis
1217 1992 1349 2028 notione,

136 2040 235 2078 figura
259 2040 386 2078 repetita
410 2049 447 2068 ex
470 2039 679 2077 Aristophanis
703 2038 796 2067 Ranis
818 2047 845 2067 v.
875 2037 963 2073 1208,
987 2034 1146 2073 ληκύθιον
1169 2033 1351 2066 ἀπώλεσεν.

138 2083 187 2112 Sic
208 2082 420 2115 Callimachus,
441 2086 515 2111 teste
539 2080 752 2119 Hephaestione
774 2090 802 2118 p.
819 2081 870 2115 20,
891 2079 1066 2117 tragoediam
1089 2077 1227 2108 Μοῦσαν
1248 2073 1351 2114 ληκύ-

137 2123 228 2154 θειον
243 2124 412 2163 appellavit.
446 2123 482 2154 A.
500 2124 532 2153 P.
548 2123 598 2159 97,
621 2122 746 2162 projicit
766 2123 920 2160 ampullas,
937 2122 985 2162 ᾇτ’.
1029 2121 1098 2150 Jam
1113 2129 1182 2150 vero
1197 2128 1257 2148 non
1272 2118 1352 2148 ridet

139 2167 255 2196 Titium
283 2167 381 2205 ipsum
410 2176 472 2204 prae
502 2165 595 2194 nimio
624 2171 740 2194 tumore
768 2165 967 2194 desoevz'entem
994 2169 1024 2192 et
1053 2163 1268 2202 ampullarum,
1296 2160 1351 2190 sed

137 2208 285 2246 tragicum
305 2218 399 2246 genus
419 2209 527 2246 ipsum,
549 2213 579 2237 et
600 2207 788 2246 potissimum
809 2206 984 2244 tragoediarn
1001 2206 1177 2239 Romanam,
1201 2213 1268 2241 quae
1283 2201 1352 2241 ipsi,

137 2256 172 2281 ut
193 2251 313 2280 aliunde
339 2260 458 2288 quoque
483 2255 607 2289 apparet
634 2248 727 2288 (Epp.
752 2249 781 2285 2,
804 2248 831 2284 l,
855 2249 904 2278 55.
929 2250 965 2278 A.
989 2248 1021 2277 Ρ.
1045 2246 1132 2286 258),
1155 2246 1237 2275 haud
1259 2244 1353 2275 nimis

137 2294 282 2333 placebat.

183 2335 230 2370 15,
260 2334 305 2365 16.
331 2333 428 2374 [Quid
454 2331 668 2373 mihi—agit]
700 2333 756 2363 Est
783 2332 928 2362 sermonis
956 2330 1124 2370 quotidiani
1152 2329 1210 2360 hoc
1240 2337 1348 2359 sensu:
