<?xml version="1.0" encoding="UTF-8"?>
<!DOCTYPE html PUBLIC "-//W3C//DTD XHTML 1.0 Transitional//EN"
    "http://www.w3.org/TR/xhtml1/DTD/xhtml1-transitional.dtd">
<html xmlns="http://www.w3.org/1999/xhtml" xml:lang="en" lang="en">
 <head>
  <title>
</title>
<meta http-equiv="Content-Type" content="text/html;charset=utf-8" />
  <meta name='ocr-system' content='tesseract 3.04.00' />
  <meta name='ocr-capabilities' content='ocr_page ocr_carea ocr_par ocr_line ocrx_word'/>
</head>
<body>
  <div class='ocr_page' id='page_1' title='image "./eclogaehoratiana02horauoft_0114.png"; bbox 0 0 1390 2586; ppageno 0'>
   <div class='ocr_carea' id='block_1_1' title="bbox 107 72 985 111">
    <p class='ocr_par' dir='ltr' id='par_1_1' title="bbox 107 72 985 111">
     <span class='ocr_line' id='line_1_1' title="bbox 107 72 985 111; baseline 0.001 -1"><span class='ocrx_word' id='word_1_1' title='bbox 107 72 186 110; x_wconf 90' lang='grc'>106</span> <span class='ocrx_word' id='word_1_2' title='bbox 455 81 668 110; x_wconf 69' lang='lat' dir='ltr'>EplsToLA</span> <span class='ocrx_word' id='word_1_3' title='bbox 699 82 756 109; x_wconf 73' lang='lat' dir='ltr'>An</span> <span class='ocrx_word' id='word_1_4' title='bbox 790 82 985 111; x_wconf 70' lang='lat' dir='ltr'>Prsomzs.</span> 
     </span>
    </p>
   </div>
   <div class='ocr_carea' id='block_1_2' title="bbox 107 180 1356 2320">
    <p class='ocr_par' dir='ltr' id='par_1_2' title="bbox 107 180 1339 405">
     <span class='ocr_line' id='line_1_2' title="bbox 107 180 1266 237; baseline 0.001 -14"><span class='ocrx_word' id='word_1_5' title='bbox 107 182 215 223; x_wconf 89' lang='lat' dir='ltr'>Rem</span> <span class='ocrx_word' id='word_1_6' title='bbox 236 181 386 237; x_wconf 86' lang='lat' dir='ltr'>poteris</span> <span class='ocrx_word' id='word_1_7' title='bbox 405 196 564 222; x_wconf 88' lang='lat' dir='ltr'>servare</span> <span class='ocrx_word' id='word_1_8' title='bbox 586 189 708 222; x_wconf 89' lang='lat' dir='ltr'>tuam.</span> <span class='ocrx_word' id='word_1_9' title='bbox 770 181 896 222; x_wconf 85' lang='lat' dir='ltr'><strong>Redit</strong></span> <span class='ocrx_word' id='word_1_10' title='bbox 916 181 1046 230; x_wconf 77' lang='lat' dir='ltr'>uncia,</span> <span class='ocrx_word' id='word_1_11' title='bbox 1068 180 1167 236; x_wconf 86' lang='lat' dir='ltr'>quid</span> <span class='ocrx_word' id='word_1_12' title='bbox 1188 181 1266 224; x_wconf 82' lang='lat' dir='ltr'>fit?</span> 
     </span>
     <span class='ocr_line' id='line_1_3' title="bbox 110 238 1339 293; baseline -0.001 -14"><span class='ocrx_word' id='word_1_13' title='bbox 110 239 255 279; x_wconf 84' lang='lat' dir='ltr'>Semis.</span> <span class='ocrx_word' id='word_1_14' title='bbox 316 240 374 278; x_wconf 92' lang='lat' dir='ltr'>At</span> <span class='ocrx_word' id='word_1_15' title='bbox 395 238 479 278; x_wconf 85' lang='lat' dir='ltr'>haec</span> <span class='ocrx_word' id='word_1_16' title='bbox 498 238 652 278; x_wconf 90' lang='lat' dir='ltr'>animos</span> <span class='ocrx_word' id='word_1_17' title='bbox 672 252 810 292; x_wconf 78' lang='lat' dir='ltr'>aerugo</span> <span class='ocrx_word' id='word_1_18' title='bbox 831 246 873 278; x_wconf 88' lang='lat' dir='ltr'>et</span> <span class='ocrx_word' id='word_1_19' title='bbox 891 253 986 278; x_wconf 85' lang='lat' dir='ltr'>cura</span> <span class='ocrx_word' id='word_1_20' title='bbox 1008 238 1140 293; x_wconf 87' lang='lat' dir='ltr'>peculi</span> <span class='ocrx_word' id='word_1_21' title='bbox 1256 241 1339 280; x_wconf 83' lang='lat'>330</span> 
     </span>
     <span class='ocr_line' id='line_1_4' title="bbox 109 294 1166 350; baseline 0.002 -17"><span class='ocrx_word' id='word_1_22' title='bbox 109 295 249 343; x_wconf 86' lang='lat' dir='ltr'>Quum</span> <span class='ocrx_word' id='word_1_23' title='bbox 270 294 395 335; x_wconf 88' lang='lat' dir='ltr'>semel</span> <span class='ocrx_word' id='word_1_24' title='bbox 418 294 620 342; x_wconf 89' lang='lat' dir='ltr'>imbuerit,</span> <span class='ocrx_word' id='word_1_25' title='bbox 642 308 849 348; x_wconf 88' lang='lat' dir='ltr'>speramus</span> <span class='ocrx_word' id='word_1_26' title='bbox 870 295 1046 335; x_wconf 85' lang='lat' dir='ltr'>carmina</span> <span class='ocrx_word' id='word_1_27' title='bbox 1066 294 1166 350; x_wconf 83' lang='lat' dir='ltr'>fingi</span> 
     </span>
     <span class='ocr_line' id='line_1_5' title="bbox 111 349 1191 405; baseline 0 -13"><span class='ocrx_word' id='word_1_28' title='bbox 111 351 236 392; x_wconf 81' lang='lat' dir='ltr'>Posse</span> <span class='ocrx_word' id='word_1_29' title='bbox 257 351 422 391; x_wconf 89' lang='lat' dir='ltr'>linenda</span> <span class='ocrx_word' id='word_1_30' title='bbox 442 350 573 398; x_wconf 84' lang='lat' dir='ltr'>cedro,</span> <span class='ocrx_word' id='word_1_31' title='bbox 597 358 639 391; x_wconf 89' lang='lat' dir='ltr'>et</span> <span class='ocrx_word' id='word_1_32' title='bbox 658 349 736 390; x_wconf 85' lang='lat' dir='ltr'>levi</span> <span class='ocrx_word' id='word_1_33' title='bbox 757 350 952 392; x_wconf 87' lang='lat' dir='ltr'>servanda</span> <span class='ocrx_word' id='word_1_34' title='bbox 971 350 1191 405; x_wconf 81' lang='lat' dir='ltr'>cupresso?</span> 
     </span>
    </p>

    <p class='ocr_par' dir='ltr' id='par_1_3' title="bbox 112 405 1352 1306">
     <span class='ocr_line' id='line_1_6' title="bbox 167 405 1116 462; baseline 0 -15"><span class='ocrx_word' id='word_1_35' title='bbox 167 408 253 448; x_wconf 90' lang='lat' dir='ltr'>Aut</span> <span class='ocrx_word' id='word_1_36' title='bbox 273 407 462 461; x_wconf 82' lang='lat' dir='ltr'>prodesse</span> <span class='ocrx_word' id='word_1_37' title='bbox 485 406 637 454; x_wconf 89' lang='lat' dir='ltr'>volunt,</span> <span class='ocrx_word' id='word_1_38' title='bbox 660 414 730 447; x_wconf 92' lang='lat' dir='ltr'>aut</span> <span class='ocrx_word' id='word_1_39' title='bbox 749 405 950 447; x_wconf 85' lang='lat' dir='ltr'>delectare</span> <span class='ocrx_word' id='word_1_40' title='bbox 972 416 1116 462; x_wconf 87' lang='lat' dir='ltr'>poetae,</span> 
     </span>
     <span class='ocr_line' id='line_1_7' title="bbox 112 462 1098 527; baseline 0 -23"><span class='ocrx_word' id='word_1_41' title='bbox 112 465 198 504; x_wconf 92' lang='lat' dir='ltr'>Aut</span> <span class='ocrx_word' id='word_1_42' title='bbox 217 463 336 503; x_wconf 90' lang='lat' dir='ltr'>simul</span> <span class='ocrx_word' id='word_1_43' title='bbox 358 471 400 503; x_wconf 93' lang='lat' dir='ltr'>et</span> <span class='ocrx_word' id='word_1_44' title='bbox 413 462 596 527; x_wconf 78' lang='lat' dir='ltr'>jucunda</span> <span class='ocrx_word' id='word_1_45' title='bbox 615 470 656 503; x_wconf 90' lang='lat' dir='ltr'>et</span> <span class='ocrx_word' id='word_1_46' title='bbox 675 462 820 503; x_wconf 88' lang='lat' dir='ltr'>idonea</span> <span class='ocrx_word' id='word_1_47' title='bbox 839 462 973 504; x_wconf 85' lang='lat' dir='ltr'>dicere</span> <span class='ocrx_word' id='word_1_48' title='bbox 994 463 1098 504; x_wconf 82' lang='lat' dir='ltr'>vitae.</span> 
     </span>
     <span class='ocr_line' id='line_1_8' title="bbox 112 519 1343 583; baseline 0.001 -24"><span class='ocrx_word' id='word_1_49' title='bbox 112 519 323 574; x_wconf 81' lang='lat' dir='ltr'>Quidquid</span> <span class='ocrx_word' id='word_1_50' title='bbox 348 519 568 583; x_wconf 72' lang='lat' dir='ltr'>praecipies,</span> <span class='ocrx_word' id='word_1_51' title='bbox 591 527 678 559; x_wconf 89' lang='lat' dir='ltr'>esto</span> <span class='ocrx_word' id='word_1_52' title='bbox 700 519 843 568; x_wconf 88' lang='lat' dir='ltr'>brevis,</span> <span class='ocrx_word' id='word_1_53' title='bbox 869 529 912 559; x_wconf 90' lang='lat' dir='ltr'>ut</span> <span class='ocrx_word' id='word_1_54' title='bbox 932 519 1011 560; x_wconf 92' lang='lat' dir='ltr'>cito</span> <span class='ocrx_word' id='word_1_55' title='bbox 1031 519 1138 560; x_wconf 84' lang='lat' dir='ltr'>dicta</span> <span class='ocrx_word' id='word_1_56' title='bbox 1259 521 1343 560; x_wconf 84' lang='lat'>335</span> 
     </span>
     <span class='ocr_line' id='line_1_9' title="bbox 115 575 1128 630; baseline 0 -14"><span class='ocrx_word' id='word_1_57' title='bbox 115 576 347 630; x_wconf 88' lang='lat' dir='ltr'>Percipiant</span> <span class='ocrx_word' id='word_1_58' title='bbox 366 575 489 616; x_wconf 86' lang='lat' dir='ltr'>animi</span> <span class='ocrx_word' id='word_1_59' title='bbox 510 575 671 624; x_wconf 88' lang='lat' dir='ltr'>dociles,</span> <span class='ocrx_word' id='word_1_60' title='bbox 694 583 942 630; x_wconf 76' lang='lat' dir='ltr'>teneantque</span> <span class='ocrx_word' id='word_1_61' title='bbox 963 575 1128 616; x_wconf 83' lang='lat' dir='ltr'>fideles:</span> 
     </span>
     <span class='ocr_line' id='line_1_10' title="bbox 113 631 1130 700; baseline 0 -28"><span class='ocrx_word' id='word_1_62' title='bbox 113 632 249 672; x_wconf 88' lang='lat' dir='ltr'>Omne</span> <span class='ocrx_word' id='word_1_63' title='bbox 270 646 562 686; x_wconf 88' lang='lat' dir='ltr'>supervacuum</span> <span class='ocrx_word' id='word_1_64' title='bbox 586 631 706 700; x_wconf 86' lang='lat' dir='ltr'>pleno</span> <span class='ocrx_word' id='word_1_65' title='bbox 727 631 776 672; x_wconf 91' lang='lat' dir='ltr'>de</span> <span class='ocrx_word' id='word_1_66' title='bbox 798 641 960 686; x_wconf 86' lang='lat' dir='ltr'>pectore</span> <span class='ocrx_word' id='word_1_67' title='bbox 982 641 1130 673; x_wconf 84' lang='lat' dir='ltr'>manat.</span> 
     </span>
     <span class='ocr_line' id='line_1_11' title="bbox 115 688 1048 743; baseline 0 -15"><span class='ocrx_word' id='word_1_68' title='bbox 115 688 230 729; x_wconf 84' lang='lat' dir='ltr'>Ficta</span> <span class='ocrx_word' id='word_1_69' title='bbox 250 688 467 742; x_wconf 87' lang='lat' dir='ltr'>voluptatis</span> <span class='ocrx_word' id='word_1_70' title='bbox 488 703 605 728; x_wconf 88' lang='lat' dir='ltr'>causa</span> <span class='ocrx_word' id='word_1_71' title='bbox 627 688 708 728; x_wconf 89' lang='lat' dir='ltr'>sint</span> <span class='ocrx_word' id='word_1_72' title='bbox 727 689 910 743; x_wconf 86' lang='lat' dir='ltr'>proxima</span> <span class='ocrx_word' id='word_1_73' title='bbox 930 689 1048 736; x_wconf 86' lang='lat' dir='ltr'>veris,</span> 
     </span>
     <span class='ocr_line' id='line_1_12' title="bbox 116 744 1217 799; baseline 0.004 -15"><span class='ocrx_word' id='word_1_74' title='bbox 116 744 216 793; x_wconf 93' lang='lat' dir='ltr'>Nec,</span> <span class='ocrx_word' id='word_1_75' title='bbox 240 745 511 798; x_wconf 83' lang='lat' dir='ltr'>quodcunque</span> <span class='ocrx_word' id='word_1_76' title='bbox 532 745 653 793; x_wconf 89' lang='lat' dir='ltr'>volet,</span> <span class='ocrx_word' id='word_1_77' title='bbox 677 754 814 799; x_wconf 89' lang='lat' dir='ltr'>poscat</span> <span class='ocrx_word' id='word_1_78' title='bbox 832 745 909 785; x_wconf 89' lang='lat' dir='ltr'>sibi</span> <span class='ocrx_word' id='word_1_79' title='bbox 930 745 1064 785; x_wconf 84' lang='lat' dir='ltr'>fabula</span> <span class='ocrx_word' id='word_1_80' title='bbox 1084 746 1217 793; x_wconf 86' lang='lat' dir='ltr'>credi;</span> 
     </span>
     <span class='ocr_line' id='line_1_13' title="bbox 115 800 1346 855; baseline 0 -14"><span class='ocrx_word' id='word_1_81' title='bbox 115 800 208 841; x_wconf 89' lang='lat' dir='ltr'>Neu</span> <span class='ocrx_word' id='word_1_82' title='bbox 230 815 384 855; x_wconf 83' lang='lat' dir='ltr'>prausae</span> <span class='ocrx_word' id='word_1_83' title='bbox 408 800 560 842; x_wconf 88' lang='lat' dir='ltr'>Lamiae</span> <span class='ocrx_word' id='word_1_84' title='bbox 582 801 717 840; x_wconf 93' lang='lat' dir='ltr'>vivum</span> <span class='ocrx_word' id='word_1_85' title='bbox 738 815 907 855; x_wconf 88' lang='lat' dir='ltr'>puerum</span> <span class='ocrx_word' id='word_1_86' title='bbox 930 802 1114 844; x_wconf 88' lang='lat' dir='ltr'>extrahat</span> <span class='ocrx_word' id='word_1_87' title='bbox 1132 803 1235 844; x_wconf 88' lang='lat' dir='ltr'>alvo.</span> <span class='ocrx_word' id='word_1_88' title='bbox 1265 804 1346 842; x_wconf 88' lang='grc'>340</span> 
     </span>
     <span class='ocr_line' id='line_1_14' title="bbox 117 856 1099 912; baseline 0.001 -14"><span class='ocrx_word' id='word_1_89' title='bbox 117 857 324 898; x_wconf 86' lang='lat' dir='ltr'>Centuriae</span> <span class='ocrx_word' id='word_1_90' title='bbox 343 857 546 897; x_wconf 88' lang='lat' dir='ltr'>seniorum</span> <span class='ocrx_word' id='word_1_91' title='bbox 567 856 725 912; x_wconf 87' lang='lat' dir='ltr'>agitant</span> <span class='ocrx_word' id='word_1_92' title='bbox 745 857 927 911; x_wconf 78' lang='lat' dir='ltr'>expertia</span> <span class='ocrx_word' id='word_1_93' title='bbox 947 858 1099 912; x_wconf 86' lang='lat' dir='ltr'>frugis3</span> 
     </span>
     <span class='ocr_line' id='line_1_15' title="bbox 117 913 1105 968; baseline 0.001 -14"><span class='ocrx_word' id='word_1_94' title='bbox 117 913 226 954; x_wconf 80' lang='lat' dir='ltr'>Celsi</span> <span class='ocrx_word' id='word_1_95' title='bbox 250 923 494 967; x_wconf 80' lang='lat' dir='ltr'>praetereunt</span> <span class='ocrx_word' id='word_1_96' title='bbox 513 922 673 954; x_wconf 87' lang='lat' dir='ltr'>austera</span> <span class='ocrx_word' id='word_1_97' title='bbox 694 921 878 968; x_wconf 82' lang='lat' dir='ltr'>poemata</span> <span class='ocrx_word' id='word_1_98' title='bbox 902 914 1105 956; x_wconf 84' lang='lat' dir='ltr'>Ramnes:</span> 
     </span>
     <span class='ocr_line' id='line_1_16' title="bbox 117 969 1121 1024; baseline 0.002 -15"><span class='ocrx_word' id='word_1_99' title='bbox 117 970 254 1010; x_wconf 87' lang='lat' dir='ltr'>Omne</span> <span class='ocrx_word' id='word_1_100' title='bbox 276 970 368 1010; x_wconf 87' lang='lat' dir='ltr'>tulit</span> <span class='ocrx_word' id='word_1_101' title='bbox 391 979 583 1024; x_wconf 91' lang='lat' dir='ltr'>punctum</span> <span class='ocrx_word' id='word_1_102' title='bbox 606 969 676 1024; x_wconf 91' lang='lat' dir='ltr'>qui</span> <span class='ocrx_word' id='word_1_103' title='bbox 698 969 858 1010; x_wconf 86' lang='lat' dir='ltr'>miscuit</span> <span class='ocrx_word' id='word_1_104' title='bbox 879 969 977 1010; x_wconf 88' lang='lat' dir='ltr'>utile</span> <span class='ocrx_word' id='word_1_105' title='bbox 999 970 1121 1020; x_wconf 90' lang='lat' dir='ltr'>dulci,</span> 
     </span>
     <span class='ocr_line' id='line_1_17' title="bbox 116 1025 1079 1080; baseline 0.002 -14"><span class='ocrx_word' id='word_1_106' title='bbox 116 1026 330 1067; x_wconf 88' lang='lat' dir='ltr'>Lectorem</span> <span class='ocrx_word' id='word_1_107' title='bbox 352 1025 590 1066; x_wconf 86' lang='lat' dir='ltr'>delectando</span> <span class='ocrx_word' id='word_1_108' title='bbox 611 1025 842 1080; x_wconf 83' lang='lat' dir='ltr'>pariterque</span> <span class='ocrx_word' id='word_1_109' title='bbox 865 1027 1079 1068; x_wconf 89' lang='lat' dir='ltr'>monendo.</span> 
     </span>
     <span class='ocr_line' id='line_1_18' title="bbox 118 1082 1350 1132; baseline 0.001 -10"><span class='ocrx_word' id='word_1_110' title='bbox 118 1082 201 1123; x_wconf 91' lang='lat' dir='ltr'>Hic</span> <span class='ocrx_word' id='word_1_111' title='bbox 222 1090 350 1123; x_wconf 83' lang='lat' dir='ltr'>meret</span> <span class='ocrx_word' id='word_1_112' title='bbox 369 1097 448 1123; x_wconf 84' lang='lat' dir='ltr'>aera</span> <span class='ocrx_word' id='word_1_113' title='bbox 468 1082 569 1122; x_wconf 90' lang='lat' dir='ltr'>liber</span> <span class='ocrx_word' id='word_1_114' title='bbox 592 1082 742 1131; x_wconf 89' lang='lat' dir='ltr'>Sosiis;</span> <span class='ocrx_word' id='word_1_115' title='bbox 774 1083 839 1123; x_wconf 86' lang='lat' dir='ltr'>hic</span> <span class='ocrx_word' id='word_1_116' title='bbox 860 1090 901 1123; x_wconf 90' lang='lat' dir='ltr'>et</span> <span class='ocrx_word' id='word_1_117' title='bbox 922 1097 1030 1124; x_wconf 85' lang='lat' dir='ltr'>mare</span> <span class='ocrx_word' id='word_1_118' title='bbox 1051 1083 1204 1132; x_wconf 86' lang='lat' dir='ltr'>transit,</span> <span class='ocrx_word' id='word_1_119' title='bbox 1267 1085 1350 1124; x_wconf 85' lang='lat'>345</span> 
     </span>
     <span class='ocr_line' id='line_1_19' title="bbox 117 1138 1057 1193; baseline -0.001 -13"><span class='ocrx_word' id='word_1_120' title='bbox 117 1138 174 1180; x_wconf 87' lang='lat' dir='ltr'>Et</span> <span class='ocrx_word' id='word_1_121' title='bbox 194 1139 359 1193; x_wconf 86' lang='lat' dir='ltr'>longum</span> <span class='ocrx_word' id='word_1_122' title='bbox 383 1148 478 1179; x_wconf 89' lang='lat' dir='ltr'>noto</span> <span class='ocrx_word' id='word_1_123' title='bbox 498 1138 682 1193; x_wconf 88' lang='lat' dir='ltr'>scriptori</span> <span class='ocrx_word' id='word_1_124' title='bbox 704 1147 894 1193; x_wconf 83' lang='lat' dir='ltr'>prorogat</span> <span class='ocrx_word' id='word_1_125' title='bbox 913 1154 1057 1180; x_wconf 86' lang='lat' dir='ltr'>aevum.</span> 
     </span>
     <span class='ocr_line' id='line_1_20' title="bbox 119 1194 1171 1249; baseline 0.001 -14"><span class='ocrx_word' id='word_1_126' title='bbox 119 1196 225 1236; x_wconf 85' lang='lat' dir='ltr'>Sunt</span> <span class='ocrx_word' id='word_1_127' title='bbox 244 1195 392 1235; x_wconf 90' lang='lat' dir='ltr'>delicta</span> <span class='ocrx_word' id='word_1_128' title='bbox 412 1203 560 1243; x_wconf 87' lang='lat' dir='ltr'>tamen,</span> <span class='ocrx_word' id='word_1_129' title='bbox 583 1194 760 1249; x_wconf 88' lang='lat' dir='ltr'>quibus</span> <span class='ocrx_word' id='word_1_130' title='bbox 751 1196 954 1249; x_wconf 78' lang='lat' dir='ltr'>ignovisse</span> <span class='ocrx_word' id='word_1_131' title='bbox 976 1196 1171 1236; x_wconf 89' lang='lat' dir='ltr'>velimus.</span> 
     </span>
     <span class='ocr_line' id='line_1_21' title="bbox 120 1251 1352 1306; baseline 0 -14"><span class='ocrx_word' id='word_1_132' title='bbox 120 1251 225 1293; x_wconf 89' lang='lat' dir='ltr'>Nam</span> <span class='ocrx_word' id='word_1_133' title='bbox 248 1266 382 1305; x_wconf 84' lang='lat' dir='ltr'>neque</span> <span class='ocrx_word' id='word_1_134' title='bbox 403 1251 551 1291; x_wconf 84' lang='lat' dir='ltr'>chorda</span> <span class='ocrx_word' id='word_1_135' title='bbox 570 1265 713 1291; x_wconf 89' lang='lat' dir='ltr'>sonum</span> <span class='ocrx_word' id='word_1_136' title='bbox 734 1251 880 1301; x_wconf 83' lang='lat' dir='ltr'>reddit,</span> <span class='ocrx_word' id='word_1_137' title='bbox 903 1266 1024 1306; x_wconf 90' lang='lat' dir='ltr'>quem</span> <span class='ocrx_word' id='word_1_138' title='bbox 1040 1252 1127 1293; x_wconf 91' lang='lat' dir='ltr'>vult</span> <span class='ocrx_word' id='word_1_139' title='bbox 1146 1265 1290 1293; x_wconf 86' lang='lat' dir='ltr'>manus</span> <span class='ocrx_word' id='word_1_140' title='bbox 1309 1258 1352 1292; x_wconf 87' lang='lat' dir='ltr'>et</span> 
     </span>
    </p>

    <p class='ocr_par' dir='ltr' id='par_1_4' title="bbox 230 1322 358 1356">
     <span class='ocr_line' id='line_1_22' title="bbox 230 1322 358 1356; baseline 0.008 -9"><span class='ocrx_word' id='word_1_141' title='bbox 230 1322 358 1356; x_wconf 89' lang='lat' dir='ltr'>mens,</span> 
     </span>
    </p>

    <p class='ocr_par' dir='ltr' id='par_1_5' title="bbox 119 1363 1356 2320">
     <span class='ocr_line' id='line_1_23' title="bbox 120 1363 1179 1425; baseline 0.001 -21"><span class='ocrx_word' id='word_1_142' title='bbox 120 1363 393 1418; x_wconf 87' lang='lat' dir='ltr'>Poscentique</span> <span class='ocrx_word' id='word_1_143' title='bbox 413 1378 578 1418; x_wconf 85' lang='lat' dir='ltr'>gravem</span> <span class='ocrx_word' id='word_1_144' title='bbox 599 1378 781 1425; x_wconf 78' lang='lat' dir='ltr'>persaepe</span> <span class='ocrx_word' id='word_1_145' title='bbox 801 1364 972 1406; x_wconf 86' lang='lat' dir='ltr'>remittit</span> <span class='ocrx_word' id='word_1_146' title='bbox 989 1372 1178 1406; x_wconf 86' lang='lat' dir='ltr'>acutum·</span> <span class='ocrx_word' id='word_1_147' title='bbox 1169 1395 1179 1412; x_wconf 90' lang='lat'>‚</span> 
     </span>
     <span class='ocr_line' id='line_1_24' title="bbox 119 1419 1353 1474; baseline 0 -14"><span class='ocrx_word' id='word_1_148' title='bbox 119 1420 209 1461; x_wconf 90' lang='lat' dir='ltr'>Nec</span> <span class='ocrx_word' id='word_1_149' title='bbox 229 1435 388 1474; x_wconf 86' lang='lat' dir='ltr'>semper</span> <span class='ocrx_word' id='word_1_150' title='bbox 410 1420 527 1460; x_wconf 83' lang='lat' dir='ltr'>feriet</span> <span class='ocrx_word' id='word_1_151' title='bbox 547 1419 819 1474; x_wconf 85' lang='lat' dir='ltr'>quodcunque</span> <span class='ocrx_word' id='word_1_152' title='bbox 840 1421 1058 1461; x_wconf 86' lang='lat' dir='ltr'>minabitur</span> <span class='ocrx_word' id='word_1_153' title='bbox 1077 1436 1205 1462; x_wconf 83' lang='lat' dir='ltr'>arcus.</span> <span class='ocrx_word' id='word_1_154' title='bbox 1269 1422 1353 1462; x_wconf 84' lang='lat'>350</span> 
     </span>
     <span class='ocr_line' id='line_1_25' title="bbox 119 1476 1287 1541; baseline 0.002 -25"><span class='ocrx_word' id='word_1_155' title='bbox 119 1476 273 1517; x_wconf 84' lang='lat' dir='ltr'>Verum</span> <span class='ocrx_word' id='word_1_156' title='bbox 299 1476 365 1516; x_wconf 86' lang='lat' dir='ltr'>ubi</span> <span class='ocrx_word' id='word_1_157' title='bbox 387 1477 503 1531; x_wconf 88' lang='lat' dir='ltr'>plura</span> <span class='ocrx_word' id='word_1_158' title='bbox 523 1476 655 1517; x_wconf 88' lang='lat' dir='ltr'>nitent</span> <span class='ocrx_word' id='word_1_159' title='bbox 674 1476 715 1516; x_wconf 91' lang='lat' dir='ltr'>in</span> <span class='ocrx_word' id='word_1_160' title='bbox 737 1477 925 1541; x_wconf 87' lang='lat' dir='ltr'>carmine,</span> <span class='ocrx_word' id='word_1_161' title='bbox 950 1492 1030 1517; x_wconf 91' lang='lat' dir='ltr'>non</span> <span class='ocrx_word' id='word_1_162' title='bbox 1052 1492 1129 1533; x_wconf 88' lang='lat' dir='ltr'>ego</span> <span class='ocrx_word' id='word_1_163' title='bbox 1150 1477 1287 1532; x_wconf 84' lang='lat' dir='ltr'>paucis</span> 
     </span>
     <span class='ocr_line' id='line_1_26' title="bbox 121 1532 1039 1587; baseline 0 -13"><span class='ocrx_word' id='word_1_164' title='bbox 121 1532 319 1574; x_wconf 89' lang='lat' dir='ltr'>Offendar</span> <span class='ocrx_word' id='word_1_165' title='bbox 341 1532 518 1581; x_wconf 88' lang='lat' dir='ltr'>maculis,</span> <span class='ocrx_word' id='word_1_166' title='bbox 542 1547 641 1587; x_wconf 85' lang='lat' dir='ltr'>quas</span> <span class='ocrx_word' id='word_1_167' title='bbox 660 1541 730 1573; x_wconf 85' lang='lat' dir='ltr'>aut</span> <span class='ocrx_word' id='word_1_168' title='bbox 751 1533 904 1574; x_wconf 88' lang='lat' dir='ltr'>incuria</span> <span class='ocrx_word' id='word_1_169' title='bbox 924 1533 1039 1582; x_wconf 88' lang='lat' dir='ltr'>fudit,</span> 
     </span>
     <span class='ocr_line' id='line_1_27' title="bbox 122 1587 1271 1645; baseline 0 -15"><span class='ocrx_word' id='word_1_170' title='bbox 122 1592 208 1630; x_wconf 91' lang='lat' dir='ltr'>Aut</span> <span class='ocrx_word' id='word_1_171' title='bbox 229 1590 403 1629; x_wconf 83' lang='lat' dir='ltr'>humana</span> <span class='ocrx_word' id='word_1_172' title='bbox 423 1603 565 1644; x_wconf 86' lang='lat' dir='ltr'>parum</span> <span class='ocrx_word' id='word_1_173' title='bbox 585 1589 691 1629; x_wconf 85' lang='lat' dir='ltr'>cavit</span> <span class='ocrx_word' id='word_1_174' title='bbox 711 1598 864 1630; x_wconf 87' lang='lat' dir='ltr'>natura.</span> <span class='ocrx_word' id='word_1_175' title='bbox 926 1589 1038 1638; x_wconf 86' lang='lat' dir='ltr'>Quid</span> <span class='ocrx_word' id='word_1_176' title='bbox 1060 1604 1158 1645; x_wconf 86' lang='lat' dir='ltr'>ergo</span> <span class='ocrx_word' id='word_1_177' title='bbox 1179 1587 1271 1631; x_wconf 84' lang='lat' dir='ltr'>est?</span> 
     </span>
     <span class='ocr_line' id='line_1_28' title="bbox 122 1645 1083 1700; baseline -0.001 -13"><span class='ocrx_word' id='word_1_178' title='bbox 122 1646 184 1687; x_wconf 91' lang='lat' dir='ltr'>Ut</span> <span class='ocrx_word' id='word_1_179' title='bbox 203 1645 373 1700; x_wconf 88' lang='lat' dir='ltr'>scriptor</span> <span class='ocrx_word' id='word_1_180' title='bbox 393 1645 425 1686; x_wconf 91' lang='lat' dir='ltr'>si</span> <span class='ocrx_word' id='word_1_181' title='bbox 447 1652 588 1700; x_wconf 87' lang='lat' dir='ltr'>peccat</span> <span class='ocrx_word' id='word_1_182' title='bbox 607 1645 714 1685; x_wconf 86' lang='lat' dir='ltr'>idem</span> <span class='ocrx_word' id='word_1_183' title='bbox 737 1645 921 1686; x_wconf 87' lang='lat' dir='ltr'>librarius</span> <span class='ocrx_word' id='word_1_184' title='bbox 943 1661 1083 1700; x_wconf 87' lang='lat' dir='ltr'>usque,</span> 
     </span>
     <span class='ocr_line' id='line_1_29' title="bbox 122 1700 1354 1750; baseline 0.001 -9"><span class='ocrx_word' id='word_1_185' title='bbox 122 1701 322 1750; x_wconf 84' lang='lat' dir='ltr'>Quamvis</span> <span class='ocrx_word' id='word_1_186' title='bbox 343 1709 404 1742; x_wconf 86' lang='lat' dir='ltr'>est</span> <span class='ocrx_word' id='word_1_187' title='bbox 424 1701 613 1749; x_wconf 87' lang='lat' dir='ltr'>monitus,</span> <span class='ocrx_word' id='word_1_188' title='bbox 637 1701 755 1742; x_wconf 69' lang='lat' dir='ltr'>venia</span> <span class='ocrx_word' id='word_1_189' title='bbox 777 1710 920 1750; x_wconf 82' lang='lat' dir='ltr'>caret3·</span> <span class='ocrx_word' id='word_1_190' title='bbox 937 1710 982 1743; x_wconf 90' lang='lat' dir='ltr'>ut</span> <span class='ocrx_word' id='word_1_191' title='bbox 1001 1700 1244 1743; x_wconf 84' lang='lat' dir='ltr'>citharoedus</span> <span class='ocrx_word' id='word_1_192' title='bbox 1271 1703 1354 1742; x_wconf 83' lang='lat'>355</span> 
     </span>
     <span class='ocr_line' id='line_1_30' title="bbox 125 1756 1125 1812; baseline 0.001 -14"><span class='ocrx_word' id='word_1_193' title='bbox 125 1758 312 1806; x_wconf 87' lang='lat' dir='ltr'>Ridetur‚</span> <span class='ocrx_word' id='word_1_194' title='bbox 335 1757 485 1799; x_wconf 63' lang='lat' dir='ltr'>chorda</span> <span class='ocrx_word' id='word_1_195' title='bbox 505 1756 575 1811; x_wconf 92' lang='lat' dir='ltr'>qui</span> <span class='ocrx_word' id='word_1_196' title='bbox 595 1772 755 1812; x_wconf 87' lang='lat' dir='ltr'>semper</span> <span class='ocrx_word' id='word_1_197' title='bbox 775 1757 935 1799; x_wconf 84' lang='lat' dir='ltr'>oberrat</span> <span class='ocrx_word' id='word_1_198' title='bbox 955 1758 1098 1801; x_wconf 67' lang='lat' dir='ltr'>eadem</span> <span class='ocrx_word' id='word_1_199' title='bbox 1115 1773 1125 1799; x_wconf 76' lang='lat' dir='ltr'>t</span> 
     </span>
     <span class='ocr_line' id='line_1_31' title="bbox 123 1813 1167 1868; baseline -0.001 -13"><span class='ocrx_word' id='word_1_200' title='bbox 123 1814 195 1856; x_wconf 89' lang='lat' dir='ltr'>Sic</span> <span class='ocrx_word' id='word_1_201' title='bbox 213 1814 325 1862; x_wconf 79' lang='lat' dir='ltr'>mihi,</span> <span class='ocrx_word' id='word_1_202' title='bbox 349 1814 419 1868; x_wconf 89' lang='lat' dir='ltr'>qui</span> <span class='ocrx_word' id='word_1_203' title='bbox 440 1814 612 1854; x_wconf 89' lang='lat' dir='ltr'>multum</span> <span class='ocrx_word' id='word_1_204' title='bbox 632 1822 772 1862; x_wconf 84' lang='lat' dir='ltr'>cessat,</span> <span class='ocrx_word' id='word_1_205' title='bbox 796 1813 841 1854; x_wconf 80' lang='lat' dir='ltr'>fit</span> <span class='ocrx_word' id='word_1_206' title='bbox 864 1814 1067 1856; x_wconf 82' lang='lat' dir='ltr'>Choerilus</span> <span class='ocrx_word' id='word_1_207' title='bbox 1086 1814 1167 1863; x_wconf 87' lang='lat' dir='ltr'>ille,</span> 
     </span>
     <span class='ocr_line' id='line_1_32' title="bbox 124 1869 1259 1924; baseline 0 -13"><span class='ocrx_word' id='word_1_208' title='bbox 124 1871 260 1919; x_wconf 83' lang='lat' dir='ltr'>Quem</span> <span class='ocrx_word' id='word_1_209' title='bbox 285 1870 344 1911; x_wconf 88' lang='lat' dir='ltr'>bis</span> <span class='ocrx_word' id='word_1_210' title='bbox 366 1879 507 1924; x_wconf 84' lang='lat' dir='ltr'>terque</span> <span class='ocrx_word' id='word_1_211' title='bbox 531 1871 679 1910; x_wconf 89' lang='lat' dir='ltr'>bonum</span> <span class='ocrx_word' id='word_1_212' title='bbox 701 1885 790 1911; x_wconf 93' lang='lat' dir='ltr'>cum</span> <span class='ocrx_word' id='word_1_213' title='bbox 813 1870 894 1911; x_wconf 89' lang='lat' dir='ltr'>risu</span> <span class='ocrx_word' id='word_1_214' title='bbox 916 1871 1059 1919; x_wconf 88' lang='lat' dir='ltr'>miror;</span> <span class='ocrx_word' id='word_1_215' title='bbox 1090 1879 1132 1912; x_wconf 89' lang='lat' dir='ltr'>et</span> <span class='ocrx_word' id='word_1_216' title='bbox 1151 1869 1259 1911; x_wconf 90' lang='lat' dir='ltr'>idem</span> 
     </span>
     <span class='ocr_line' id='line_1_33' title="bbox 125 1926 1202 1982; baseline 0 -15"><span class='ocrx_word' id='word_1_217' title='bbox 125 1927 335 1982; x_wconf 85' lang='lat' dir='ltr'>Indignor,</span> <span class='ocrx_word' id='word_1_218' title='bbox 358 1926 602 1981; x_wconf 86' lang='lat' dir='ltr'>quandoque</span> <span class='ocrx_word' id='word_1_219' title='bbox 624 1926 752 1967; x_wconf 88' lang='lat' dir='ltr'>bonus</span> <span class='ocrx_word' id='word_1_220' title='bbox 772 1926 961 1968; x_wconf 88' lang='lat' dir='ltr'>dormitat</span> <span class='ocrx_word' id='word_1_221' title='bbox 985 1927 1202 1968; x_wconf 87' lang='lat' dir='ltr'>Homerus.</span> 
     </span>
     <span class='ocr_line' id='line_1_34' title="bbox 124 1982 1356 2038; baseline -0.001 -15"><span class='ocrx_word' id='word_1_222' title='bbox 124 1983 280 2024; x_wconf 89' lang='lat' dir='ltr'>Verum</span> <span class='ocrx_word' id='word_1_223' title='bbox 300 1982 412 2038; x_wconf 88' lang='lat' dir='ltr'>operi</span> <span class='ocrx_word' id='word_1_224' title='bbox 433 1982 555 2037; x_wconf 86' lang='lat' dir='ltr'>longo</span> <span class='ocrx_word' id='word_1_225' title='bbox 575 1982 634 2023; x_wconf 87' lang='lat' dir='ltr'>fas</span> <span class='ocrx_word' id='word_1_226' title='bbox 655 1990 716 2023; x_wconf 84' lang='lat' dir='ltr'>est</span> <span class='ocrx_word' id='word_1_227' title='bbox 735 1982 930 2038; x_wconf 91' lang='lat' dir='ltr'>obrepere</span> <span class='ocrx_word' id='word_1_228' title='bbox 950 1998 1148 2026; x_wconf 86' lang='lat' dir='ltr'>somnum.</span> <span class='ocrx_word' id='word_1_229' title='bbox 1273 1984 1356 2023; x_wconf 87' lang='lat'>360</span> 
     </span>
     <span class='ocr_line' id='line_1_35' title="bbox 128 2038 1142 2095; baseline 0 -15"><span class='ocrx_word' id='word_1_230' title='bbox 128 2039 189 2080; x_wconf 90' lang='lat' dir='ltr'>Ut</span> <span class='ocrx_word' id='word_1_231' title='bbox 209 2040 376 2094; x_wconf 87' lang='lat' dir='ltr'>pictura,</span> <span class='ocrx_word' id='word_1_232' title='bbox 400 2038 553 2094; x_wconf 86' lang='lat' dir='ltr'>poesis;</span> <span class='ocrx_word' id='word_1_233' title='bbox 586 2038 663 2080; x_wconf 87' lang='lat' dir='ltr'>erit</span> <span class='ocrx_word' id='word_1_234' title='bbox 683 2054 787 2094; x_wconf 91' lang='lat' dir='ltr'>quae,</span> <span class='ocrx_word' id='word_1_235' title='bbox 809 2040 842 2080; x_wconf 90' lang='lat' dir='ltr'>si</span> <span class='ocrx_word' id='word_1_236' title='bbox 864 2040 1028 2095; x_wconf 91' lang='lat' dir='ltr'>propius</span> <span class='ocrx_word' id='word_1_237' title='bbox 1048 2048 1142 2088; x_wconf 89' lang='lat' dir='ltr'>stes,</span> 
     </span>
     <span class='ocr_line' id='line_1_36' title="bbox 125 2095 1198 2151; baseline -0.001 -15"><span class='ocrx_word' id='word_1_238' title='bbox 125 2095 190 2136; x_wconf 85' lang='lat' dir='ltr'>Te</span> <span class='ocrx_word' id='word_1_239' title='bbox 211 2095 343 2149; x_wconf 84' lang='lat' dir='ltr'>capiet</span> <span class='ocrx_word' id='word_1_240' title='bbox 364 2095 504 2150; x_wconf 89' lang='lat' dir='ltr'>magis,</span> <span class='ocrx_word' id='word_1_241' title='bbox 526 2102 569 2135; x_wconf 87' lang='lat' dir='ltr'>et</span> <span class='ocrx_word' id='word_1_242' title='bbox 588 2096 785 2150; x_wconf 80' lang='lat' dir='ltr'>quaedam,</span> <span class='ocrx_word' id='word_1_243' title='bbox 809 2095 842 2136; x_wconf 89' lang='lat' dir='ltr'>si</span> <span class='ocrx_word' id='word_1_244' title='bbox 864 2096 1024 2151; x_wconf 83' lang='lat' dir='ltr'>longius</span> <span class='ocrx_word' id='word_1_245' title='bbox 1043 2095 1198 2143; x_wconf 86' lang='lat' dir='ltr'>abstes;</span> 
     </span>
     <span class='ocr_line' id='line_1_37' title="bbox 126 2151 1205 2201; baseline -0.001 -9"><span class='ocrx_word' id='word_1_246' title='bbox 126 2151 230 2192; x_wconf 85' lang='lat' dir='ltr'>Haec</span> <span class='ocrx_word' id='word_1_247' title='bbox 250 2160 357 2192; x_wconf 83' lang='lat' dir='ltr'>amat</span> <span class='ocrx_word' id='word_1_248' title='bbox 377 2151 603 2200; x_wconf 85' lang='lat' dir='ltr'>obscurum,</span> <span class='ocrx_word' id='word_1_249' title='bbox 627 2152 735 2193; x_wconf 89' lang='lat' dir='ltr'>volet</span> <span class='ocrx_word' id='word_1_250' title='bbox 756 2152 840 2194; x_wconf 83' lang='lat' dir='ltr'>haec</span> <span class='ocrx_word' id='word_1_251' title='bbox 859 2153 933 2194; x_wconf 91' lang='lat' dir='ltr'>sub</span> <span class='ocrx_word' id='word_1_252' title='bbox 955 2152 1044 2193; x_wconf 87' lang='lat' dir='ltr'>luce</span> <span class='ocrx_word' id='word_1_253' title='bbox 1064 2151 1205 2201; x_wconf 85' lang='lat' dir='ltr'>videri,</span> 
     </span>
     <span class='ocr_line' id='line_1_38' title="bbox 123 2208 1120 2263; baseline -0.002 -14"><span class='ocrx_word' id='word_1_254' title='bbox 123 2208 278 2249; x_wconf 89' lang='lat' dir='ltr'>Judicis</span> <span class='ocrx_word' id='word_1_255' title='bbox 298 2217 486 2263; x_wconf 86' lang='lat' dir='ltr'>argutum</span> <span class='ocrx_word' id='word_1_256' title='bbox 508 2222 599 2262; x_wconf 85' lang='lat' dir='ltr'>quae</span> <span class='ocrx_word' id='word_1_257' title='bbox 620 2222 699 2248; x_wconf 89' lang='lat' dir='ltr'>non</span> <span class='ocrx_word' id='word_1_258' title='bbox 722 2208 908 2250; x_wconf 88' lang='lat' dir='ltr'>formidat</span> <span class='ocrx_word' id='word_1_259' title='bbox 926 2222 1120 2250; x_wconf 89' lang='lat' dir='ltr'>acumen:</span> 
     </span>
     <span class='ocr_line' id='line_1_39' title="bbox 126 2263 1356 2320; baseline -0.002 -14"><span class='ocrx_word' id='word_1_260' title='bbox 126 2264 229 2306; x_wconf 89' lang='lat' dir='ltr'>Haec</span> <span class='ocrx_word' id='word_1_261' title='bbox 250 2263 403 2319; x_wconf 87' lang='lat' dir='ltr'>placuit</span> <span class='ocrx_word' id='word_1_262' title='bbox 421 2264 560 2314; x_wconf 87' lang='lat' dir='ltr'>semel,</span> <span class='ocrx_word' id='word_1_263' title='bbox 582 2264 668 2306; x_wconf 89' lang='lat' dir='ltr'>haec</span> <span class='ocrx_word' id='word_1_264' title='bbox 687 2264 822 2306; x_wconf 90' lang='lat' dir='ltr'>decies</span> <span class='ocrx_word' id='word_1_265' title='bbox 842 2265 1015 2320; x_wconf 86' lang='lat' dir='ltr'>repetita</span> <span class='ocrx_word' id='word_1_266' title='bbox 1036 2263 1222 2319; x_wconf 88' lang='lat' dir='ltr'>placebit.</span> <span class='ocrx_word' id='word_1_267' title='bbox 1273 2265 1356 2304; x_wconf 85' lang='lat'>365</span> 
     </span>
    </p>
   </div>
  </div>
 </body>
</html>
