1390 2586
1326 0 1381 57 Ἤ,

1344 51 1365 87 ’,ἓ

125 108 210 149 272
556 111 924 144 lNTERPRE'rATIo.
1226 91 1363 156 [unffi
1382 128 1385 135 =

171 207 305 243 67—72.
343 207 468 248 [amnis]
503 209 631 239 Minime
654 209 915 249 interpretandum
937 221 1001 241 esse
1027 221 1094 241 cum
1121 213 1292 244 Scholiastin
1311 213 1359 251 ὢν,

131 247 260 279 Ve‘labro
285 253 322 279 ab
339 252 475 289 Agrippa
501 252 629 289 Augusti
647 254 733 291 jussu
757 254 915 288 exsiccato,
938 255 990 283 sed
1015 255 1051 283 de
1073 265 1161 284 cursu
1178 256 1295 286 Tiberis
1312 258 1374 291 aba

132 295 270 326 Angusto
292 294 452 330 aggeribus
477 300 609 323 correcto
631 294 781 332 (tempore
807 296 929 333 quidem
954 303 984 325 et
1013 298 1101 326 modo
1127 298 1212 327 nobis
1233 296 1356 340 ignoto)

132 335 350 364 demonstravit
379 336 448 364 Fea.
502 337 653 372 Equidem
684 337 742 366 huc
769 338 934 366 rettulerim
958 339 1126 368 eluvionem
1156 347 1359 381 memoratam⁴

132 377 189 405 Od.
208 377 234 412 l,
251 378 279 412 2,
300 378 348 412 13,
374 385 404 406 Α.
419 386 448 406 υ.
462 386 489 407 c.
514 378 584 412 732,
612 385 677 416 post
701 389 791 416 quam
817 380 932 409 Tiberis
955 380 1050 418 ripam
1072 391 1182 419 aggere
1205 379 1362 415 munitam?

131 429 196 447 esse
219 430 363 457 perquam
386 420 446 448 veri
467 421 564 448 simile
585 419 793 460 esu—[stet]
818 423 825 436 ‘
842 422 967 451 firmiter
986 423 1074 452 duret
1094 424 1270 462 stabilisque
1285 434 1351 463 per-
1364 420 1370 424 ⁷

133 461 272 490 maneat)
294 479 333 483 —
352 461 571 501 [renascentur]
611 463 652 492 Ut
684 464 843 492 Frontonis
871 465 1059 502 potissimum
1087 471 1174 494 aetate
1203 463 1371 505 pet-multus¹

131 505 222 531 verba
244 504 376 532 obsoleto
401 505 486 541 quasi
511 505 694 542 postliminio
722 506 751 534 in
777 516 945 535 sermonem
971 507 1111 536 Latinum
1134 509 1352 537 redierunt.—

134 543 308 583 [arbilrium
324 551 352 575 et
359 545 415 584 jus
430 551 457 575 et
472 545 589 585 norma]
612 549 767 576 arbitrium
781 549 862 586 quod
873 549 1032 578 statuimus
1047 550 1131 579 nulla
1141 551 1231 580 causa
1245 552 1354 587 allati}

124 586 188 626 jus,
206 587 340 621 facultas,
367 599 457 626 quam
482 589 571 618 ceteri
589 590 667 618 ultro
686 599 870 628 agnoscunt;
891 601 1001 628 norma,
1024 592 1073 620 lex
1087 601 1105 621 a
1121 593 1205 622 nobis
1219 593 1288 628 lata,
1303 593 1374 636 οὐ,

131 630 223 658 ceteri
239 631 457 668 obtemperant.
1279 641 1282 644 ”

175 672 308 706 75-78,
332 673 400 702 ,lam
418 673 560 710 expositis
575 674 766 711 generalibus
786 675 823 704 de
845 674 1030 711 inventione,
1056 675 1260 713 dispositione,
1283 677 1352 708 stilo

131 715 289 752 praeceptis
313 724 359 743 vv.
376 715 509 750 73—85,
533 716 683 754 praecipua
709 717 939 754 poesiegenera
963 724 1120 749 enumerat
1141 727 1176 747 ac
1201 719 1350 757 describit,

132 765 251 784 carmen
266 757 394 795 epicum,
409 758 547 795 elegiam,
558 758 680 793 iambos,
697 759 884 794 comoediam,
901 761 1086 797 tragoediam‚
1102 769 1198 797 genus
1213 761 1354 798 lyricumss

131 796 373 838 —[1'mpariter]
398 801 415 815 “
431 800 496 828 Hoc
508 801 682 829 adverbium
699 802 838 838 figuravit
851 802 1023 831 H‹›ratius.’'
1048 802 1207 832 Terentius
1224 804 1355 842 Scaurus

133 842 213 878 apud
239 842 356 870 Charis.
379 842 408 876 2,
434 852 462 880 p.
481 842 549 876 182,
582 843 665 872 P.—
681 841 892 883 [querimonia]
924 853 984 872 non
1010 844 1047 872 de
1073 845 1180 882 spretis
1205 854 1224 874 a
1245 845 1370 884 puellis*

133 889 292 920 poetarum
312 885 475 920 amoribus,
500 885 551 913 sed
575 885 672 914 luctus
694 892 722 914 et
744 895 850 915 maeror
865 887 902 915 de
917 886 1021 915 amicis
1035 887 1080 915 vel
1097 886 1212 916 civibus
1225 887 1354 925 egregii}

134 932 231 953 morte
257 927 377 963 ereptis.
430 924 595 966 θρηνώδη,
626 928 793 965 lugubrem,
820 928 912 966 igitur
940 929 1055 966 putavit
1080 929 1172 958 fuisse
1200 930 1237 958 ab
1266 927 1354 960 initio

133 967 272 1002 elegiam,
290 974 419 1003 secutus,
438 976 471 997 ut
487 970 614 1004 videtur,
639 971 791 1007 vulgarem
807 971 899 1005 illam,
919 971 971 999 sed
987 970 1102 1006 falsam,
1117 971 1302 1001 notationem
1315 973 1354 1002 au

132 1007 147 1038 ἔ
163 1006 177 1038 ἔ
192 1007 358 1049 λέγειν.--
372 1009 447 1049 [voti
459 1014 604 1041 sementia
618 1010 745 1051 compos]
769 1013 899 1041 maxime
915 1013 944 1041 iu
961 1014 1048 1041 rebus
1064 1013 1226 1043 amatoriis.
1263 1016 1271 1030 ‘
1285 1012 1358 1045 Posi
1372 1014 1384 1049 J

132 1049 336 1091 θρηνητικὴν
360 1053 508 1090 elegiam‚’
538 1054 646 1091 inquit,
676 1057 683 1070 ‘
699 1061 764 1083 orta
790 1061 834 1083 est
859 1052 1013 1094 ἐρωτικὴ,’
1043 1056 1126 1092 cujus
1154 1055 1374 1086 Mimnermus*

133 1102 237 1122 auctor
267 1101 297 1123 et
322 1096 476 1133 exemplar
500 1101 582 1128 erat;
616 1097 725 1125 canini
753 1107 787 1126 ac
817 1097 930 1135 Tyrtaei
957 1097 1197 1137 προτρεπτικὴν
1219 1097 1300 1126 illam
1323 1102 1378 1128 et‘

132 1132 321 1172 ὃιὸακτικήν
352 1138 469 1167 Solonis
497 1147 531 1167 ac
561 1138 747 1176 Theognidis
774 1148 832 1167 non
859 1145 1015 1168 memorat.
1032 1137 1217 1179 —[exiguos
1239 1138 1353 1180 elegos]

105 1179 260 1207 ’‘tenues
284 1185 375 1217 atque
399 1180 549 1214 humiles,’
581 1181 630 1209 ubi
658 1181 839 1218 compararis
863 1187 893 1211 et
916 1187 1095 1218 argumento
1119 1187 1150 1210 et
1170 1187 1266 1211 metro
1285 1191 1354 1212 cum
1377 1214 1380 1219 ,

132 1221 316 1249 carminibus
338 1221 438 1259 epicis.
483 1222 570 1251 ovid.
588 1223 654 1251 Am.
681 1223 710 1258 2,
730 1223 755 1257 l,
771 1223 821 1258 21,
844 1225 992 1262 elegosque
1017 1224 1357 1255 levem—Gramma&

134 1261 265 1302 certant]
300 1264 404 1298 Orion,
433 1274 461 1301 p.
483 1264 534 1298 58,
559 1263 704 1303 Εὑρετὴν
734 1261 765 1294 δὲ
793 1266 848 1295 τοῦ
873 1265 1010 1304 ἐλεγείου
1030 1264 1131 1305 φασὶν
1157 1263 1186 1295 οἱ
1209 1264 1270 1306 μὲν
1294 1265 1355 1296 τὸν

132 1301 347 1344 Ἀρχίλοχον,
377 1304 406 1334 οἱ
428 1304 459 1336 δὲ
487 1306 683 1346 Μίμνερμον·
717 1305 745 1336 oi
767 1305 798 1337 δὲ
822 1307 995 1338 Καλλῖνον
1018 1305 1245 1347 παλαιότέρον·
1270 1305 1355 1338 οὕτω

135 1345 274 1387 Δίδυμος
290 1349 424 1386 (Horatii
441 1350 580 1387 aequalis)
597 1348 631 1378 ἐν
647 1348 694 1388 τῷ
708 1351 779 1388 περὶ
793 1351 955 1387 Ποιητῶν.
1000 1351 1076 1382 Quae
1091 1350 1236 1388 posterior
1252 1351 1355 1388 opinio

134 1399 194 1417 non
211 1391 276 1418 sine
291 1391 382 1419 causa
398 1391 541 1420 invaluit:
565 1399 644 1420 certe
668 1393 814 1429 omnium,
837 1402 903 1430 quae
917 1393 956 1421 ad
973 1402 1025 1420 nos
1039 1398 1251 1430 pervenerunt,
1274 1393 1353 1422 anti-

134 1433 279 1468 quissima
309 1439 353 1461 est
375 1434 485 1462 Callini
511 1434 623 1471 elegia:
662 1431 785 1473 Μέχρις
810 1436 854 1464 τῶ
883 1433 1089 1472 κατακεῖσθε;
1123 1430 1188 1463 ’τότ’
1216 1433 1355 1474 ἄλκιμον

133 1472 216 1507 ἓξετε
233 1473 348 1512 θυμόν,
358 1472 398 1504 Ὦ
415 1473 500 1509 νέοις
524 1473 590 1505 οὐδ’
615 1473 744 1505 αἰδεῖσθ’
760 1475 1066 1517 ἀμφιπερικτίονας;
1089 1477 1171 1505 Stob.
1189 1477 1223 1506 T.
1239 1477 1289 1512 51,
1307 1477 1354 1507 19.

135 1516 285 1545 Flet-uisse
319 1525 420 1546 autem
447 1518 565 1547 videtur
592 1519 686 1548 Bodio
714 1519 831 1548 circiter
856 1529 883 1549 a.
907 1519 968 1554 730
991 1529 1017 1548 a.
1044 1519 1127 1554 Chr„
1155 1519 1355 1548 Archilochus

69 1589 80 1592 ,
132 1559 246 1592 a.7l5.

176 1600 309 1635 79—82.
349 1600 478 1641 [rabies]
514 1602 573 1632 Csr.
597 1603 694 1641 Epod.
717 1603 746 1638 6,
767 1602 814 1632 13.
840 1603 918 1642 Epp.
946 1603 972 1639 l,
1000 1603 1049 1639 19,
1072 1604 1123 1633 25.
1139 1619 1180 1624 —
1195 1600 1352 1642 [proprio]

131 1643 170 1671 ‘a
193 1653 224 1671 se
255 1643 378 1672 invento
408 1651 499 1682 atque
529 1645 648 1682 egregie
672 1651 798 1674 tractato
825 1651 855 1674 et
881 1645 950 1674 huic
972 1646 1076 1682 generi
1101 1645 1188 1675 unice
1211 1645 1356 1684 apto!—

135 1683 263 1724 [iambo]
298 1687 383 1715 Ovid.
404 1687 447 1715 lb.
462 1687 520 1716 53:
545 1688 575 1716 in
600 1692 628 1717 le
653 1689 723 1717 mihi
742 1689 816 1717 liber
840 1689 953 1717 iambus
974 1689 1080 1717 Tincta
1100 1688 1264 1727 Lycambeo
1286 1697 1355 1717 ean-

130 1729 221 1766 guine
243 1729 301 1757 tela
322 1730 415 1758 dabit.
462 1730 583 1758 Aristot.
602 1730 682 1759 Poet.
706 1731 743 1759 5:
767 1728 803 1760 ἐν
823 1730 893 1766 τοῖς
916 1727 1033 1770 ψόγοις
1055 1731 1122 1759 τῶν
1144 1728 1278 1770 φαύλων
1301 1728 1355 1760 ucat

132 1768 169 1798 τὸ
193 1767 359 1809 ἁρμόττον
380 1768 530 1810 ἰαμβεῖον
550 1770 627 1807 ἦλθε
648 1769 776 1811 μέτρον·
800 1770 847 1801 διὸ
867 1771 919 1801 καὶ
942 1770 1090 1812 ἰαμβεῖον
1113 1772 1259 1802 καλεῖται
1283 1771 1355 1808 νῦν,

133 1810 183 1840 ὅτι
209 1811 245 1841 ἐν
271 1812 318 1851 τῷ
342 1811 447 1853 μέτρῳ
471 1812 576 1853 τούτῳ
606 1811 759 1853 ἰάμβιζον
783 1812 959 1851 ἀλλήλους.
977 1814 1141 1852 —[H1mc
1168 1812 1259 1852 socci]
1292 1814 1356 1844 ‘Et

134 1855 281 1883 comoedia
297 1861 326 1883 et
341 1856 487 1892 tragoedia
502 1855 690 1894 potissimum
706 1857 824 1886 senario
840 1866 893 1885 usa
906 1857 971 1886 est.'
982 1873 1024 1878 —
1035 1855 1201 1895 [Alternis]
1231 1855 1355 1886 Aristot.

135 1897 217 1925 Poet.
235 1897 262 1929 4,
291 1896 436 1936 μάλιστα
461 1897 608 1928 λεκτικὸν
633 1898 698 1928 τῶν
721 1896 846 1938 μέτρων
865 1897 902 1928 τὸ
925 1896 1074 1939 ἰαμβεῖόν
1096 1897 1196 1928 ἐστιν·
1219 1899 1355 1938 σημεῖον

135 1936 168 1967 δὲ
193 1937 320 1969 το·ιίτου’
352 1939 492 1969 πλεῖστα
518 1940 581 1980 γὰρ
603 1938 734 1980 ἰαμβεῖα
757 1938 895 1981 λέγομεν
917 1939 951 1970 ἐν
973 1940 1015 1981 τῇ
1036 1937 1191 1980 διαλέκτῳ
1217 1940 1257 1980 τῇ
1272 1940 1356 1980 πρὸς

134 1979 315 2018 ἀλλήλους,
334 1979 491 2022 ἑξάμετρα
518 1981 547 2012 δὲ
570 1982 968 2023 &Mysum—[populares
1001 1983 1166 2012 Vincentem
1194 1981 1352 2021 strepitus]

131 2024 241 2052 ‘altius
264 2031 419 2053 sonantem
439 2025 469 2053 in
496 2027 587 2054 scena
608 2035 697 2063 quam
725 2027 835 2054 clamor
858 2025 981 2064 populi.'
1012 2027 1082 2055 Acr-
1140 2025 1226 2054 ‘Etsi
1248 2025 1355 2063 strepit

131 2064 284 2094 interdum
306 2073 506 2103 spectatorum
530 2077 607 2105 pars,
630 2068 826 2097 nihilominus
848 2077 866 2096 a
888 2067 1011 2105 reliquis
1035 2067 1122 2096 facile
1148 2067 1354 2096 exaudiuntur

131 2107 223 2136 iambi
249 2117 370 2146 propter
396 2109 493 2147 ipsum
521 2120 715 2138 numerorum
730 2119 835 2147 genus,
863 2109 894 2138 in
916 2119 975 2147 quo
999 2109 1139 2138 facillime
1154 2109 1241 2138 'aures
1255 2109 1354 2137 anim-

129 2151 292 2182 advertunt
319 2149 427 2190 ἄρσεις
458 2158 488 2181 et
518 2149 637 2187 θέσεις.’
654 2167 695 2173 ——
724 2150 857 2191 [natum]
887 2150 1005 2192 μέτρον
1025 2149 1214 2190 πρακτικόν.
1260 2150 1352 2180 Arist.

171 2234 303 2263 83—85.
330 2232 435 2273 [Musa
450 2234 548 2275 dedit]
577 2236 676 2265 Poesis
690 2236 792 2274 lyricae
807 2236 887 2265 varia
902 2245 1014 2274 genera
1029 2239 1195 2270 enumerat,
1211 2234 1352 2272 hymnos,

126 2286 257 2314 paeanee,
285 2277 504 2314 dithyrambos,
534 2279 659 2307 heroum
688 2279 801 2314 laudes,
831 2277 985 2315 ἐπινίκια,
1015 2275 1159 2318 ἐρωτικά,
1187 2274 1351 2314 παροίνια.

124 2319 267 2348 omittens
288 2317 439 2359 θρήνους.
459 2337 498 2342 —-
521 2318 823 2360 [equum—primum]
849 2322 856 2336 ‘
870 2321 1034 2356 victorem,'
1065 2324 1097 2349 ut
1118 2319 1206 2348 Pind.
1227 2319 1349 2357 Olymp.
