1390 2586
439 145 658 176 mns'roLA
688 145 748 173 Au
780 142 982 172 Prsomzs.
1287 125 1342 168 99

84 252 217 296 Terra
239 251 462 308 Neptunus
483 248 632 290 classes
659 245 936 303 Aquilonibus
956 251 1080 294 arcet,

89 311 220 368 Regis
238 324 353 366 opus,
375 306 610 361 sterilisque
631 305 701 346 diu
724 304 853 360 palus,
877 312 1055 359 aptaque
1077 300 1213 351 remis,
1288 303 1342 341 65

87 369 256 410 vicinas
275 367 395 408 urbes
414 366 500 414 alit,
524 374 566 405 et
585 377 710 420 grave
731 362 857 404 sentit
876 370 1054 402 aratrum
1070 375 1081 410 3

90 427 175 468 Seu
194 439 355 468 cursum
377 422 550 465 mutavit
573 421 759 477 iniquum
781 419 970 476 frugibus
990 417 1136 467 amnis,

86 482 249 526 Doctus
269 483 348 524 iter
368 481 516 523 melius
533 495 542 520 :
575 478 761 520 mortalia
780 478 886 519 facta
908 476 1115 532 peribunt,

92 540 254 583 Nedum
275 553 510 581 sermonum
531 545 614 579 stet
634 536 762 578 honos
783 545 825 577 et
845 534 978 592 gratia
998 533 1133 575 vivax.

91 597 231 642 Multa
251 606 531 646 renascentur,
554 595 748 650 quaejam
771 593 970 641 cecidere,
993 591 1225 646 cadentque
1295 591 1350 630 70

92 655 201 705 Quae
221 670 332 711 nunc
353 664 450 696 sunt
470 653 512 694 in
535 652 687 693 honore
710 650 921 700 vocabula,
944 649 977 691 si
998 648 1109 690 volet
1131 662 1241 698 usus,

93 712 232 764 Quem
254 727 383 769 penes
402 711 614 753 arbitrium
638 717 700 751 est
720 717 762 750 et
776 709 846 764 jus
868 716 910 749 et
931 722 1073 748 norma
1094 704 1306 761 loquendi.

153 771 238 812 Res
259 779 388 826 gestae
408 783 638 825 regumque
659 767 895 822 ducumque
917 773 959 806 et
979 764 1109 806 tristia
1131 763 1251 813 bella,

95 827 194 878 Quo
214 828 335 869 scribi
357 834 522 884 possent
543 839 729 877 numero,
750 823 992 865 monstravit
1014 822 1238 864 Homerus.

94 885 297 928 Versibus
315 884 524 941 impariter
538 883 696 940 junctis
717 880 975 938 querimonia
997 882 1189 937 primum,
1302 880 1357 919 75

97 943 200 986 Post
219 943 340 985 ctiam
362 942 519 984 inclusa
539 949 601 982 est
620 940 705 982 voti
726 939 931 981 sententia
953 953 1133 994 compos.

97 1001 206 1051 Quis
226 1009 360 1042 tamen
383 1000 557 1055 exiguos
578 998 720 1054 elegos
741 997 925 1038 emiserit
944 1006 1098 1045 auctor,

99 1058 368 1102 Grammatici
390 1065 562 1105 certant,
586 1064 628 1098 et
647 1055 781 1097 adhuc
801 1054 1036 1110 subjudice
1058 1054 1107 1095 lis
1129 1060 1204 1095 est.

101 1115 392 1159 Archilochum
416 1115 581 1171 proprio
603 1114 735 1154 rabies
756 1113 930 1154 armavit
951 1111 1087 1152 iambo
1105 1127 1114 1152 ε

103 1173 232 1216 Hunc
251 1173 357 1215 socci
379 1187 527 1228 cepere
548 1171 711 1228 pedem,
734 1169 996 1228 grandesque
1020 1167 1224 1219 cothurni,
1307 1169 1362 1208 80

104 1231 290 1274 Alternis
309 1240 449 1286 aptum
472 1229 742 1279 sermonibus,
766 1238 808 1270 et
829 1228 1047 1284 populares

102 1289 354 1330 Vincentem
375 1288 582 1342 strepitus,
605 1296 647 1328 et
668 1295 808 1328 natum
828 1286 953 1327 rebus
973 1284 1158 1342 agendis.

106 1346 233 1389 Musa
254 1346 367 1387 dedit
386 1345 535 1386 fidibus
555 1344 670 1385 divos
691 1357 925 1400 puerosque
947 1343 1132 1392 deorum,

108 1403 166 1446 Et
185 1403 368 1459 pugilem
389 1403 600 1450 victorem,
623 1411 665 1443 et
686 1417 837 1457 equum
861 1401 1085 1442 certamine
1107 1399 1300 1456 primum,

108 1461 166 1503 Et
179 1462 380 1516 juvenum
403 1475 532 1510 curas,
556 1469 598 1500 et
620 1459 747 1500 libera
767 1459 863 1500 vina
883 1459 1050 1499 referre.
1312 1458 1367 1498 85

164 1518 405 1574 Descriptas
425 1532 587 1559 servare
608 1517 719 1558 vices
740 1531 997 1573 operumque
1019 1515 1189 1565 colores,

110 1575 197 1618 Cur
218 1591 310 1632 eg0,
333 1576 366 1617 si
387 1590 552 1631 nequeo
572 1575 816 1632 ignoroque,
842 1583 964 1630 poeta
985 1572 1172 1615 salutor?

112 1633 200 1676 Cur
219 1633 392 1683 nescire,
416 1633 574 1689 pudens
595 1647 732 1688 prave,
757 1647 878 1688 quam
902 1632 1059 1673 discere
1081 1628 1223 1672 malo?

110 1690 310 1732 Versibus
332 1691 484 1746 exponi
507 1690 672 1746 tragicis
694 1705 757 1731 res
779 1690 934 1731 comica
955 1704 1037 1730 non
1061 1689 1170 1730 vult:

114 1748 359 1804 Indignatur
379 1749 478 1790 item
500 1747 669 1804 privatis
689 1763 737 1789 ac
757 1762 886 1804 prope
907 1762 1027 1788 socco
1316 1748 1371 1786 90

114 1805 269 1863 Dignis
289 1806 537 1847 carminibus
557 1806 708 1846 narrari
732 1821 849 1847 coena
871 1805 1083 1861 Thyestae.

117 1863 291 1920 Singula
312 1878 488 1920 quaeque
510 1863 643 1904 locum
665 1871 835 1904 teneant
855 1863 997 1904 sortita
1018 1863 1225 1905 decenter.

115 1920 330 1963 Interdum
353 1930 487 1962 tamen
512 1929 553 1962 et
573 1935 714 1962 vocem
737 1921 937 1962 comoedia
958 1921 1077 1971 tollit,

117 1978 336 2034 Iratusque
361 1978 561 2019 Chremes
581 1978 738 2019 tumido
758 1978 948 2034 delitigat
969 1993 1038 2019 ore
1056 1994 1065 2019 ε

117 2035 175 2078 Et
196 2035 375 2090 tragicus
395 2035 645 2091 plerumque
661 2036 774 2077 dolet
793 2051 983 2077 sermone
1005 2035 1185 2092 pedestri
1322 2037 1377 2076 95

117 2093 332 2150 Telephus
355 2101 396 2134 et
415 2093 579 2142 Peleus,
598 2107 723 2148 quum
746 2109 903 2150 pauper
924 2102 966 2135 et
988 2093 1106 2135 exsul
1127 2102 1302 2149 uterque.

118 2149 293 2207 Projicit
311 2150 512 2207 ampullas
533 2158 576 2191 et
595 2151 896 2208 sesquipedalia
916 2152 1056 2201 verba,

122 2207 168 2250 Si
189 2219 304 2250 curat
325 2223 393 2250 cor
413 2208 636 2264 spectantis
657 2208 842 2265 tetigisse
865 2209 1047 2265 querela.

178 2265 274 2308 Non
296 2266 393 2308 satis
414 2275 476 2307 est
497 2265 666 2321 pulchra
686 2280 774 2308 esse
795 2276 1010 2322 poemata;
1042 2266 1178 2307 dulcia
1196 2274 1332 2317 sunto,

123 2321 194 2373 Et,
216 2338 466 2379 quocunque
486 2324 640 2373 volent,
662 2323 843 2364 animum
868 2324 1065 2366 auditoris
1086 2333 1255 2381 agunto.
1301 2327 1381 2365 loo

127 2378 191 2423 Ut
209 2381 438 2424 ridentibus
458 2381 651 2432 arrident,
674 2381 730 2423 ita
753 2381 948 2424 flentibus
968 2382 1117 2424 adsunt

721 2452 746 2480 r
766 2442 794 2480 2
