1390 2586
270 599 276 603 ·
347 571 1057 627 EPISTOLARUM

453 734 622 772 LIBER
651 734 952 773 SECUNDUS.

349 1024 566 1054 EPISTOLA
596 1025 746 1053 1.-—AD
778 1025 1043 1054 AUGUSTUM.

73 1113 221 1164 QUUM
244 1121 304 1156 tot
323 1113 522 1157 sustineas
544 1122 586 1156 et
607 1121 719 1156 tanta
738 1114 906 1170 negotia
926 1114 1048 1164 solus,

73 1171 160 1214 Res
183 1171 305 1214 Italas
324 1171 446 1214 armis
467 1172 624 1222 tuteris,
647 1171 828 1214 moribus
848 1187 981 1222 ornes,

71 1229 256 1286 Legibus
278 1230 496 1279 emendes;
528 1229 569 1270 in
593 1228 758 1285 publica
778 1230 989 1271 commoda
1010 1245 1192 1284 peccem,

73 1287 119 1330 Si
140 1287 263 1343 longo
283 1302 471 1329 sermone
493 1302 626 1328 moret·
645 1296 716 1328 tua
736 1295 932 1342 tempora,
959 1287 1110 1330 Caeear.

71 1343 275 1386 Romulus
297 1354 339 1386 et
362 1345 488 1386 Liber
509 1353 624 1400 pater
645 1353 687 1386 et
707 1359 798 1386 cum
823 1344 993 1386 Castore
1020 1345 1181 1397 Pollux,
1295 1351 1320 1388 5

72 1401 172 1444 Post
192 1402 378 1458 ingentia
398 1402 503 1444 facta
523 1401 691 1443 deorum
714 1401 753 1443 in
778 1403 930 1457 templa
950 1403 1119 1459 recepti,

68 1459 184 1502 Dum
208 1469 334 1501 terras
354 1459 649 1515 hominumque
671 1459 811 1501 colunt
831 1475 976 1515 genus,
999 1476 1142 1515 aspera
1162 1461 1271 1504 bella

72 1517 350 1574 Componunt‚
372 1532 491 1574 agros
511 1517 733 1574 assignant,
757 1517 907 1573 oppida
928 1519 1135 1569 condunt3

69 1574 289 1617 Ploravere
309 1574 392 1617 suis
413 1590 495 1616 non
517 1574 764 1630 respondere
786 1576 964 1617 favorem

70 1632 287 1688 Speratum
309 1632 476 1675 meritis.
533 1632 678 1674 Diram
701 1633 770 1688 qui
793 1633 980 1675 contudit
1001 1633 1184 1691 hydram,
1268 1638 1318 1677 10

67 1688 261 1746 Notaque
283 1690 394 1733 fatali
415 1698 604 1746 portenta
624 1690 760 1732 labore
781 1691 958 1746 subegit,

69 1747 284 1804 Comperit
303 1747 497 1789 invidiam
518 1763 709 1804 supremo
731 1748 812 1790 fine
833 1748 1000 1790 domari.

70 1803 168 1848 Urit
188 1805 296 1846 enim
319 1805 479 1862 fulgore
499 1820 586 1855 suo,
609 1805 680 1861 qui
702 1816 929 1863 praegravat
950 1815 1057 1849 artes

67 1861 181 1905 Infra
200 1878 244 1904 se
266 1863 441 1918 positas:
473 1863 698 1906 exstinctus
718 1864 919 1905 amabitur
940 1864 1062 1905 idem.

68 1919 267 1963 Praesenti
290 1920 364 1962 tibi
385 1929 564 1962 maturos
584 1921 778 1976 largimur
799 1921 985 1972 honores,
1262 1925 1314 1964 15

65 1977 350 2034 Jurandasque
373 1986 487 2020 tuum
509 1993 581 2034 per
602 1993 751 2020 nomen
773 1979 963 2035 ponimus
984 1994 1085 2030 aras,

67 2033 139 2077 Nil
161 2035 358 2077 oriturum
379 2035 491 2085 alias,
514 2035 571 2077 nil
591 2045 724 2078 ortum
746 2037 825 2079 tale
847 2037 1035 2078 fatentes.

68 2093 151 2135 Sed
173 2102 266 2135 tuus
287 2093 353 2134 hic
373 2093 561 2149 populus,
583 2093 744 2149 sapiens
765 2103 807 2136 et
821 2094 957 2150 justus
979 2095 1020 2135 in
1042 2109 1124 2136 uno

67 2150 132 2192 Te
153 2150 300 2193 nostris
320 2150 505 2200 ducibus,
530 2158 568 2192 te
592 2150 730 2193 Graiis
749 2152 1029 2202 anteferendo,

68 2207 218 2250 Cetera
238 2223 496 2264 nequaquam
518 2207 639 2250 simili
659 2208 806 2250 rationi
828 2209 1030 2265 modoque
1257 2214 1312 2254 ‘20

15 2315 17 2318 .
66 2264 275 2315 AEstimass
299 2275 353 2316 et,
376 2265 454 2307 nisi
475 2281 568 2322 quae
589 2265 706 2308 terris
726 2275 882 2308 semota
902 2267 1069 2322 suisque

67 2321 344 2381 Temporibus
364 2323 559 2366 defuncta
577 2322 703 2373 videt,
726 2323 881 2367 fastidit
901 2332 943 2367 et
963 2324 1074 2366 odit:

648 2394 674 2421 E
696 2385 721 2422 6
