1390 2586
34 83 108 119 a..
122 80 149 114 i.
163 79 212 124 9.]
473 77 848 110 INTERPRETATIO.
1217 75 1300 119 135

38 187 156 216 mana
198 182 336 215 Dedecm
355 181 434 212 em‘m
455 181 584 211 habetur
605 180 854 220 opprobriumque
876 180 1024 216 meritum,
1039 176 1156 218 sulcem
1180 179 1219 209 ab
1242 180 1299 210 illd

41 227 159 260 uoluere
172 227 206 259 fi
216 227 277 257 «aee
290 225 481 264 deprehendi,
498 228 532 253 ut
545 224 581 253 ob
597 224 630 253 id
642 223 819 263 petulantioe
833 222 912 252 sales
926 223 1018 252 etiam
1033 233 1098 252 cum
1118 223 1215 261 primo
1229 233 1298 254 vere

42 270 198 303 luduntur.
241 268 326 307 Ergo
346 268 444 297 viator
467 267 644 307 petulanter
667 266 923 296 vindemiatorem
948 266 1092 295 cuculum
1117 272 1216 301 vocat,
1242 267 1298 296 sed

42 313 119 344 talia
142 318 265 351 tamque
289 312 398 342 acerba
422 316 454 340 et
480 310 703 340 contumeliosa
730 318 877 349 responsa
900 308 970 345 fert,
998 315 1032 338 ut
1056 318 1112 339 nec
1133 308 1214 339 vires
1241 319 1298 339 nec

43 362 165 397 temp·
178 355 291 388 habeat
311 364 349 384 ea
363 353 525 390 reddendi,
549 354 603 384 sed
617 353 765 392 fatigatus
787 353 911 383 tandem
935 352 1021 382 inani
1042 352 1242 382 altercatione
1257 353 1298 383 ad

42 409 101 431 ane.
121 398 245 439 negotia
263 399 364 433 abeat,
382 397 588 427 vindemiator
610 396 707 427 victor
729 393 1012 435 evadas-[Italo
1034 393 1136 435 aceto]
1162 396 1297 426 ‘salibus

42 441 254 477 venel-atini&
263 440 409 472 aculeatis
418 446 450 470 et
462 437 843 479 mordacibusJ—[reges]
861 439 1025 476 caesarem,
1042 446 1076 469 ut
1090 439 1297 478 Tarquinium

162 495 214 516 um
240 485 276 515 L.
299 485 414 514 Junius
443 485 568 519 Brutus,
596 493 615 513 a
637 493 698 522 quo
721 483 850 521 stirpem
877 483 991 512 ducere
1013 484 1105 521 vulgo
1127 485 1297 522 putabatur

43 528 92 561 Ι.
104 528 281 563 Βωίιιι-
291 525 605 569 [operum—tuorum]
623 537 739 562 unum;
763 529 771 543 ⁶
782 526 840 557 hoc
856 531 885 557 te
900 526 1030 566 dignum
1047 526 1112 556 est.’

499 657 659 688 SATIRA
681 657 740 688 IX.

83 744 226 777 Ancum.
239 744 383 785 Vulgaris
398 743 514 784 opinio,
529 745 591 784 qua
605 744 672 774 baec
687 743 782 774 satira
797 743 860 774 sive
875 743 990 775 mimus
1006 750 1053 774 est
1067 754 1107 775 ex
1123 745 1295 784 Sophronis

33 797 165 829 genere,
188 789 304 828 garruli
329 788 567 828 descriptionem
589 788 748 818 continere
769 794 905 827 putatur,
928 789 1034 828 procul
1057 789 1151 818 dubio
1175 799 1191 819 e
1214 790 1296 820 male

35 832 198 864 intellecto
208 842 237 862 v.
248 832 291 863 33
306 838 372 862 orta
387 837 442 862 est.
478 832 539 861 Sed
552 831 654 871 potius
671 832 728 861 hoc
744 830 803 861 sibi
819 837 942 870 poetam
959 832 1152 871 proposuisse
1167 833 1295 871 clarum,

39 882 87 908 eat
102 882 137 906 ut
150 881 249 906 certos
259 876 408 914 quosdam
425 875 566 905 homines
578 875 733 905 derideret
744 881 837 914 atque
854 875 885 904 in
898 882 1054 914 posterum
1069 885 1086 905 a
1098 886 1130 906 se
1146 876 1296 915 abigeret,

35 918 96 959 qui
112 918 223 960 judicii
246 919 431 957 elegantiam
454 924 486 948 et
506 918 659 958 poeticam
682 918 862 948 facultatem
885 919 1064 949 affectantes
1079 925 1172 958 atque
1187 929 1295 950 exem-

39 962 128 1003 plum
150 961 272 1001 Virgilii
296 961 479 1001 Horatiique
502 962 639 992 aemulati
662 962 694 992 in
723 962 903 992 Maecenatis
926 962 1167 992 familiaritatem
1190 973 1223 993 se
1246 963 1296 994 in-

41 1006 166 1038 trudere
180 1011 366 1036 conarentur
380 1011 422 1042 et,
436 1015 498 1044 quo
513 1006 627 1036 certius
647 1005 705 1035 hoc
727 1011 977 1044 assequerentur,
1000 1006 1067 1036 sine
1091 1007 1154 1036 ullo
1177 1007 1296 1046 pudore

41 1048 182 1088 nihilque
196 1055 345 1084 verentes,
362 1058 401 1078 ne
419 1049 509 1078 vilem
525 1059 616 1079 suum
630 1054 661 1078 et
677 1050 829 1087 abjectum
846 1048 987 1078 animum
1004 1050 1181 1088 proderent,
1193 1050 1295 1080 omni-

38 1091 97 1124 bu
118 1091 218 1122 modis
243 1092 364 1122 Horatii
387 1092 555 1122 amicitiam
580 1102 762 1131 expugnare
785 1093 1018 1123 contenderent.
1074 1094 1176 1123 Hosce
1201 1093 1297 1132 igitur

20 1134 181 1169 ‚homines
194 1136 275 1165 male
290 1135 412 1166 sedulos
428 1141 543 1173 monet,
558 1145 598 1165 ne
615 1135 712 1166 solitis
727 1134 932 1175 parasitorum
949 1135 1067 1166 artibus
1082 1147 1115 1166 se
1130 1137 1162 1166 in
1181 1137 1296 1167 Maece-

38 1177 120 1211 ntis
130 1178 297 1209 amicitiam
313 1179 448 1218 irrepere
463 1189 553 1219 posse
568 1185 711 1219 sperent3
735 1182 744 1195 ‘
757 1189 775 1209 a
791 1189 840 1209 me
855 1180 958 1215 certe,'
974 1179 1086 1219 inquit,
1101 1183 1109 1196 ⁶
1122 1180 1198 1210 tales
1213 1191 1295 1210 nun—

32 1230 132 1262 quam
147 1222 466 1252 commendabuntur:
511 1222 610 1252 Simul
626 1223 736 1252 callide
748 1223 806 1252 hac
823 1232 946 1261 quoque
962 1223 1121 1254 occasione
1137 1224 1245 1259 utitur,
1260 1230 1296 1254 ut

39 1264 157 1297 civibus
171 1265 236 1296 suis
251 1264 452 1301 demonstret,
465 1266 565 1305 qualis
577 1266 635 1295 sibi
647 1266 840 1296 familiaritas
856 1276 924 1296 cum
940 1267 1109 1297 Maecenate
1125 1266 1296 1298 intercedat

38 1317 60 1340 e.
73 1308 214 1348 plurimis
229 1307 370 1347 ignorata
385 1314 440 1339 aut
457 1309 536 1339 male
554 1309 702 1348 judicata,
726 1314 819 1348 atque
842 1311 1015 1348 cujusmodi
1035 1320 1135 1341 mores
1158 1310 1204 1340 illi
1227 1311 1295 1350 pla.

38 1357 141 1383 ceant.
183 1352 299 1383 Heind.
314 1356 344 1382 et
358 1352 438 1383 Zell.
482 1352 602 1391 Scripta
616 1353 738 1382 videtur
754 1361 861 1383 A.u.c.
877 1353 896 1388 7
900 1354 950 1384 20.

85 1394 176 1426 1—5.
202 1393 269 1436 [vid
283 1393 387 1435 sacra]
405 1395 468 1426 ctr.
486 1396 586 1435 Epod.
603 1396 632 1431 4,
648 1396 678 1431 7,
694 1396 724 1431 7,
737 1396 820 1426 8.-
833 1395 931 1436 [totus
953 1398 984 1427 ἰη
1004 1395 1084 1437 illis]
1112 1397 1191 1437 Epp.
1217 1398 1245 1432 1,
1263 1397 1292 1436 1,

42 1437 92 1473 ll,
117 1440 210 1469 omnis
231 1441 262 1469 in
284 1441 336 1469 hoc
357 1449 421 1469 sum
435 1451 446 1473 .-
469 1449 530 1478 quo
554 1439 711 1469 molestior
733 1439 826 1469 fiebat
849 1440 1066 1479 interpellatio.
1112 1441 1162 1470 Sic
1186 1441 1294 1480 Polyb.

39 1481 137 1518 294,
163 1480 248 1523 πρὸς
274 1481 315 1512 τὰ
333 1479 592 1513 διακινδυνεύειν
615 1481 693 1518 ὅλος
718 1481 772 1512 καὶ
796 1483 864 1519 πᾶς
891 1480 1191 1524 ’'m—[Accurrit]
1220 1485 1296 1516 Haec

37 1524 191 1564 cupiditas
219 1524 385 1556 Horatium
409 1526 614 1556 conveniendi
645 1526 742 1565 magis
771 1533 843 1565 apta
873 1533 919 1556 est
945 1527 1115 1566 importuni
1144 1528 1294 1565 moribus,

37 1577 132 1607 quam
157 1568 340 1608 languidum
364 1569 442 1599 illud
466 1571 615 1604 occurrit;
644 1569 687 1599 sic
713 1569 918 1608 Theophrasti
942 1569 1124 1611 λογοποιὸς
1147 1572 1240 1602 Char.
1264 1572 1294 1609 8,

39 1610 126 1642 πᾶσι
155 1608 188 1642 δὲ
217 1613 287 1647 τοῖς
310 1609 346 1643 ἐν
372 1611 413 1653 τῇ
439 1611 535 1643 πόλει
559 1609 824 1653 προσδεόράμηκε
847 1610 966 1655 λέγων.
1010 1615 1160 1645 Similiter
1182 1617 1296 1655 arripit

38 1663 178 1692 manum,
194 1665 255 1685 non
267 1657 492 1695 prehendit.·-
503 1657 607 1695 Junge
623 1657 795 1687 dulcissime
810 1667 919 1688 rerum.
943 1658 1033 1688 Ovid.
1053 1658 1130 1688 Met,
1149 1659 1179 1695 8,
1194 1659 1246 1695 49,
1263 1665 1295 1689 et

33 1697 117 1734 Ber.
132 1698 164 1734 4,
181 1697 251 1735 125,
271 1701 472 1738 pulcherrime
487 1710 597 1730 rerum.
620 1700 770 1732 Quinctil.
794 1700 821 1736 l,
840 1699 888 1736 12,
905 1701 935 1737 6,
955 1703 1160 1740 pulcherrima
1182 1713 1294 1733 rerum.

38 1755 83 1765 --
95 1739 146 1782 [ut
159 1751 237 1772 nuuc
251 1741 312 1783 ese]
331 1744 339 1759 ‘
352 1752 407 1782 pro
427 1753 531 1773 rerum
547 1753 686 1773 mearum
700 1743 812 1782 copia?
825 1760 867 1765 ——
881 1743 1003 1784 [cupio]
1021 1746 1117 1775 Solita
1133 1746 1199 1775 haec
1215 1756 1292 1784 quo-

35 1793 101 1824 que
123 1785 306 1816 urbanitatis
325 1786 467 1818 formula.
511 1787 611 1817 Plaut.
628 1787 711 1817 Rud.
727 1787 757 1823 4,
772 1787 801 1823 4,
821 1787 848 1824 1,
860 1798 1038 1828 quamquam
1054 1790 1136 1820 vobis
1149 1790 1212 1820 volo
1228 1799 1294 1830 quoe

36 1828 138 1864 uultis,
154 1829 302 1859 mulieres.
712 1836 719 1841 ”

34 1891 35 1894 =
81 1870 197 1902 6-13,
221 1872 387 1911 Postquam
402 1871 468 1912 ipse
483 1872 566 1909 satis,
581 1878 617 1903 ut
631 1875 771 1912 putabat,
786 1874 906 1904 homini
920 1875 1111 1913 significarat
1126 1876 1244 1905 nullam
1261 1886 1294 1906 se

37 1913 155 1944 habere
169 1924 241 1945 cum
255 1925 292 1944 eo
305 1916 499 1954 colloquendi
514 1926 648 1953 causam,
665 1917 717 1947 ille
734 1923 838 1947 tamen
856 1919 986 1948 Horatio
1002 1920 1082 1949 latus
1101 1919 1188 1957 tegit,
1211 1920 1293 1950 unde

37 1957 182 1988 molestia
209 1968 242 1988 se
270 1959 401 1989 liberare
431 1959 558 1998 cupiens
586 1960 665 1990 comi
695 1960 887 1991 valedicendi
917 1962 1050 1992 formula
1079 1963 1187 1992 utitur.
1243 1962 1294 1994 Sic

36 2000 168 2034 Terent.
191 2001 275 2032 Eun.
296 2003 327 2038 2,
349 2002 381 2037 3,
405 2002 456 2039 50,
476 2013 556 2043 rogo,
579 2005 724 2044 numquid
744 2005 826 2035 velit.
864 2005 968 2042 Recte,
991 2008 1099 2046 inquit.
1145 2007 1295 2037 Abeo.—

35 2041 182 2085 [occupo]
215 2046 223 2061 ‘
235 2045 391 2084 praevenio
420 2045 578 2076 hominem
606 2056 728 2085 rogans,
757 2053 925 2087 antequam
951 2049 1003 2079 ille
1030 2049 1200 2088 quidquam
1224 2055 1294 2089 post

33 2087 170 2128 ,primam
190 2088 407 2118 salutationem
430 2087 753 2130 dixisset.’—[Noris
778 2102 846 2122 nos.
873 2094 881 2108 ‘
895 2092 954 2121 Vix
979 2093 1069 2122 aliter
1091 2093 1157 2122 fieri
1180 2099 1292 2132 potest,

62 2140 134 2163 uam
156 2136 191 2161 ut
211 2131 267 2161 tibi
284 2133 350 2172 jam
373 2132 569 2171 aliquatenus
587 2133 678 2164 notus
700 2134 779 2164 sim.’
804 2134 886 2172 (You
908 2137 1015 2166 should
1035 2137 1121 2166 know
1137 2146 1182 2166 me
1196 2136 1291 2177 well.)

43 2173 140 2205 >Nam
169 2174 267 2205 doctis
295 2185 353 2213 ego
383 2185 507 2214 quoque
537 2176 743 2207 adnumeror.’
755 2194 798 2200 —-
811 2176 951 2218 [Pluris]
984 2180 1065 2208 Dum
1104 2181 1290 2219 respondet:

35 2216 185 2258 ipropter
199 2218 232 2248 id
255 2219 355 2258 ipsum
371 2219 455 2258 quod
470 2219 577 2249 doctus
592 2230 634 2256 es,
652 2225 686 2250 ut
700 2221 786 2258 dicis,
809 2222 907 2262 pluris
931 2228 961 2252 te
982 2222 1113 2259 facia1n‚'
1129 2223 1212 2253 vafre
1227 2224 1292 2263 sig-

35 2258 145 2296 nificat
165 2271 198 2292 se
220 2271 291 2292 eum
316 2272 376 2292 non
400 2261 710 2303 nosse—[Misere]
734 2274 772 2294 ex
798 2275 856 2295 usu
879 2265 1059 2304 quotidiano
1082 2266 1113 2295 in
1136 2267 1292 2306 plerisque

35 2303 197 2337 &tibus
212 2315 267 2345 pro
283 2307 291 2322 ⁴
304 2306 514 2342 vehementer,
527 2306 658 2337 nimium
674 2309 845 2346 quantum:
877 2308 928 2339 Sic
941 2309 1052 2339 dicitur
1061 2311 1166 2341 misere
1177 2321 1290 2348 amare,

37 2344 96 2387 ,ἱ
108 2347 306 2381 vehementer
319 2354 413 2381 amat.
452 2350 690 2383 'serenarAndn
710 2351 742 2390 3,
756 2351 786 2390 2,
802 2351 853 2383 40.
894 2352 1006 2384 Heaut.
1023 2352 1052 2391 4,
1073 2353 1100 2392 l,
1116 2353 1168 2392 37,
1184 2355 1291 2386 misere
