1390 2586
53 97 134 125 zu.
148 97 171 122 ι,
185 86 234 131 a]
491 85 878 119 nwenmsmno.
1230 85 1313 128 129

54 187 265 234 [eamn-m]
281 188 412 220 ‘emensi
420 189 439 226 ς’
455 188 528 228 quia
539 188 598 218 viae
609 188 740 227 singulae
753 194 859 228 partes
875 197 938 218 una
950 193 1021 228 post
1034 187 1161 218 alteram
1178 189 1310 228 pedibus

62 234 159 266 veluti
171 238 343 274 msam,
358 239 391 263 ut
407 233 441 262 fit
455 233 487 262 in
504 233 576 262 13ηᾶ
591 238 624 262 et
637 232 701 262 lino
716 233 828 262 nendo.

104 277 240 310 83—95.
263 274 374 318 [Bari]
400 276 538 312 Barium,
562 275 653 305 hodie
674 276 763 312 Bari,
784 275 932 315 oppidum
948 274 1073 314 Apuliae
1088 275 1252 309 Peucetiae.
1267 277 1308 307 ad

63 330 149 351 more
162 321 264 357 situm,
285 330 304 350 a
318 319 419 350 Rubis
439 318 555 358 (Ιέιιυο)
572 319 703 348 distabat
720 327 792 350 xxi.
812 319 876 349 mil.
892 329 956 357 pas.
972 335 1014 340 —
1030 317 1180 359 [Gnatia]
1209 319 1307 350 forma

62 363 216 404 populum
230 373 284 404 pro
300 364 445 402 Egnatia,
460 362 554 392 hodie
570 363 729 402 Monopoli,
745 373 763 393 a
780 363 872 393 Bai-io
886 362 1003 392 distans
1020 371 1152 393 xxxvn.
1166 363 1230 393 mil.
1242 373 1306 402 pas.

61 422 107 430 —-
118 404 276 448 Lymphis]
300 407 397 437 forma
412 405 525 436 Latina
540 415 595 445 pro
611 406 782 445 Nymphis:
809 407 856 436 hae
871 406 1002 436 fontium
1018 407 1084 435 deae
1096 413 1308 436 memorantur

61 449 154 481 etiam
169 449 200 480 in
216 449 370 490 Inscriptt.
383 449 460 479 meis
478 450 544 479 Lat.
566 459 596 479 n.
614 448 757 484 1637.—
770 447 906 490 [stamma
919 451 983 480 sine
999 447 1085 488 tura]
1111 450 1188 479 Plin.
1208 450 1246 480 H.
1266 450 1307 481 N.

62 494 95 531 2,
117 492 186 531 Ill,
207 493 246 524 In
266 494 420 524 Salentino
440 494 547 532 oppido
571 493 706 532 Egnatia
732 494 868 532 imposito
893 494 974 534 ligno
994 494 1026 523 in
1045 503 1150 523 saxum
1168 495 1309 533 protinus

217 539 344 568 existere
360 535 526 575 (reperitur
541 536 622 575 apud
637 535 803 575 auctores).

101 579 260 612 26—100.
280 579 423 621 [Judaeus
437 577 563 620 Apella]
583 579 740 610 Bentleius
756 579 787 609 in
806 580 863 619 Ep.
882 580 921 610 ad
935 579 1014 609 Mill.
1027 575 1149 619 p1520:
1173 579 1221 610 “J
1226 580 1307 610 udaei

59 618 240 654 braimbant
260 631 344 654 trans
366 622 514 659 Tiberim,
535 629 566 653 et
585 623 683 653 multo
706 623 874 653 maximam
897 629 1015 663 partem
1040 630 1129 653 erant
1150 624 1306 659 libertini;

58 666 171 706 Apella
199 674 303 697 autem
334 666 548 696 libertinorum
578 672 624 696 est
653 676 776 703 nomen,
805 667 879 697 satis
908 667 1052 705 frequens
1083 667 1116 696 in
1149 667 1306 706 Inscriptt.

52 710 197 741 uetustis.
242 711 352 749 ltaque
371 710 484 740 Credat
494 710 620 740 Judoeus
635 710 755 749 Apella,
778 709 867 748 quasi
887 717 920 740 tu
942 710 1034 746 dicas,
1057 711 1067 726 ‘
1079 711 1183 740 credat
1197 721 1307 749 super-

58 753 196 784 suificans
216 754 329 792 aliquis
347 754 475 784 Judaeus
496 753 766 783 Transtiberinus:
778 753 797 768 ”
813 770 856 775 —
873 752 999 794 [didici]
1017 755 1055 783 ab
1070 754 1212 793 Epicuro,
1243 755 1307 784 Re-

59 796 150 836 spicit
165 797 385 827 Lucretianum
409 797 484 826 illud
505 797 535 830 5,
559 796 610 833 83,
631 802 662 826 et
685 796 716 833 6,
739 796 797 831 57:
822 798 903 828 Nam
925 798 995 827 bene
1018 798 1069 836 qui
1088 799 1220 828 didicere
1238 798 1308 828 deor

57 850 194 871 securum
215 851 306 880 agere
329 850 431 870 aevum.
447 856 490 861 —
506 837 659 879 [Tristes]
689 840 802 870 ‘iratos
831 849 924 880 atque
954 840 1079 870 infestos
1104 841 1307 870 mortalibus.'

56 899 103 906 -—
118 881 227 924 [tecto]
251 889 286 913 ut
301 884 367 913 Val.
384 883 483 913 Flacc.
497 884 527 920 5,
544 882 616 919 623,
639 885 717 913 citus
739 885 780 914 ad
797 886 903 914 summi
922 884 1076 914 stellantia
1097 886 1198 924 patris
1215 885 1310 915 Tecta

59 928 133 957 ruit.
147 943 191 948 —
206 924 444 966 [Brundusium]
462 926 552 956 hodie
569 927 718 963 Brindisi,
735 928 883 966 oppidum
901 927 1141 963 Salentinorum,
1154 929 1192 957 ab
1204 929 1308 967 Egna-

59 967 107 1000 tia
130 969 261 1000 distabat
283 978 373 1000 κων.
398 970 461 1000 mil.
482 980 546 1010 pas.
561 986 604 991 ——
620 969 907 1012 [longae—chartae]
931 968 1003 1001 κατ’
1024 968 1204 1013 εἰρωνείαν,
1220 971 1309 1011 quasi

60 1013 192 1052 timeret,
207 1023 246 1044 ne
260 1013 424 1044 lectoribus
439 1013 609 1044 molestiam
626 1019 768 1045 creasset.

561 1146 720 1176 SATIRA
745 1145 804 1176 VI.

102 1233 241 1264 Anotm.
267 1232 413 1264 Horatius
438 1238 600 1273 postquam
626 1239 658 1263 et
679 1233 898 1269 familiaritate,
921 1243 1015 1272 quam
1039 1243 1109 1264 cum
1136 1234 1308 1264 Maecenate

58 1277 202 1314 habebat,
217 1284 248 1308 et
266 1276 427 1308 Luciliano
449 1277 611 1307 satirarum
632 1286 746 1316 genere
770 1278 874 1307 denuo
894 1282 1022 1307 tractato
1044 1277 1254 1307 multitudinis
1273 1277 1308 1307 in

59 1330 93 1351 se
117 1321 221 1351 oculos
245 1325 448 1356 converterat,
471 1319 537 1350 fieri
560 1330 622 1349 non
643 1321 753 1359 potuit,
777 1320 863 1359 quin,
886 1330 982 1359 quum
1010 1320 1132 1350 nonnisi
1156 1330 1308 1360 perquam

58 1365 148 1404 pauci
165 1370 218 1394 aut
229 1363 329 1403 ipsum
342 1371 395 1393 aut
407 1363 586 1393 Maecenatis
598 1363 630 1392 in
642 1373 714 1393 eum
726 1364 864 1393 animum
877 1363 1049 1393 accuratius
1061 1363 1308 1404 introspicerem,

58 1417 79 1438 a
93 1407 233 1447 plurimis
249 1417 329 1437 unus
349 1416 386 1436 ex
403 1406 579 1445 vulgaribus
596 1406 657 1436 illis
677 1406 808 1436 fortunae
830 1406 902 1436 filiis
925 1407 1100 1442 haberetur,
1120 1408 1226 1446 quales
1241 1413 1311 1447 post

57 1450 196 1481 civilium
210 1449 445 1480 conversionum
460 1452 565 1480 turbas
579 1455 609 1479 et
625 1449 657 1479 in
674 1451 731 1480 bac
744 1450 1002 1480 nobilissimarum
1018 1450 1204 1480 familiarum
1218 1451 1310 1481 ruina.

56 1503 78 1524 a
99 1493 231 1524 civitatis
256 1493 389 1523 dominis
415 1499 469 1523 aut
492 1503 707 1532 oppressarum
738 1498 791 1523 aut
819 1494 928 1532 opibus
959 1494 1176 1523 destitutarum
1206 1494 1309 1534 amplo

58 1546 188 1567 numero
199 1537 299 1567 exorti
313 1541 412 1573 erant,
429 1542 460 1566 et
475 1537 527 1575 qui
544 1537 638 1575 prava
650 1537 818 1566 ambitione
831 1537 974 1575 malaque
990 1538 1154 1567 sedulitate
1169 1538 1201 1567 in
1218 1537 1309 1567 fami-

56 1580 223 1611 liaritatem
242 1580 420 1610 Maecenatis
439 1580 623 1619 irrepsisset.
648 1586 682 1610 ut
702 1580 834 1610 honores
850 1586 881 1610 et
896 1590 969 1619 opes
985 1587 1158 1611 venaretur.
1205 1582 1308 1620 Atque

57 1624 204 1654 adversus
220 1623 300 1653 hanc
314 1623 412 1663 ipsam
427 1623 583 1653 sinistram
598 1623 636 1652 de
651 1633 683 1654 se
699 1623 905 1662 suspicionem
924 1630 955 1653 et
970 1624 1132 1654 hominum
1147 1630 1202 1654 aut
1217 1624 1307 1663 igno-

57 1667 191 1698 rentiam
213 1673 267 1697 aut
292 1667 540 1696 malevolentiam
567 1667 632 1696 haec
657 1667 752 1697 satira
777 1667 948 1706 conscripta
973 1677 1039 1697 esse
1062 1668 1150 1698 nobis
1176 1667 1308 1698 videtur.

58 1711 137 1741 Zeu.
151 1719 190 1740 ex
204 1710 317 1740 Heind.
361 1710 496 1749 (Scripta
511 1710 632 1740 videtur
649 1718 679 1740 Α.
697 1719 729 1740 υ.
746 1719 773 1740 c.
790 1710 880 1749 718.)

105 1753 194 1784 1—5.
220 1751 407 1793 [Lydorum]
433 1753 482 1782 Ex
495 1754 623 1792 antiqua
635 1753 715 1783 fama
729 1752 862 1794 (Herod.
878 1754 906 1788 l,
922 1753 989 1792 94.)
1002 1754 1135 1784 refutata
1146 1765 1164 1785 a
1176 1755 1305 1794 Dionys,

60 1797 162 1827 Halic-
181 1795 208 1833 l,
223 1807 252 1836 p.
268 1795 321 1833 21,
345 1796 425 1835 Lydi
449 1797 526 1826 duce
543 1797 715 1835 Tyrrheno,
740 1797 831 1836 Atyis
846 1798 926 1836 regis
948 1797 1020 1834 filio,
1042 1798 1074 1827 in
1097 1799 1218 1828 italiam
1235 1808 1307 1828 cum

57 1838 338 1879 transmigrassem,
360 1839 403 1870 ibi
424 1839 607 1881 Τυρσηνῶν
630 1850 656 1870 s.
674 1841 907 1879 Tyrrhenorum
932 1841 1057 1871 nomine
1076 1842 1233 1871 Etruriam
1256 1842 1307 1872 in-

58 1884 230 1914 coluerunt.
245 1899 289 1904 —
304 1880 394 1924 [avus
408 1881 574 1923 maternus]
598 1883 754 1922 Singulari
777 1894 862 1914 more
879 1885 971 1914 Tusci
994 1885 1228 1925 metronymicis
1245 1885 1307 1915 fre-

58 1926 205 1967 quentius
221 1925 315 1956 etiam
330 1927 496 1957 utebantur
511 1936 603 1965 quam
618 1927 847 1966 patronymicis.
894 1927 1046 1967 Loquitur
1066 1938 1127 1958 non
1144 1929 1182 1958 de
1197 1928 1308 1958 Cilniis

59 1969 220 2006 Romanis,
236 1979 366 2008 quorum
383 1979 475 1999 nemo
489 1979 625 2008 unquam
641 1971 748 2000 consul
767 1971 826 2000 fuit
845 1977 898 2001 aut
913 1971 1067 2001 exercitus
1083 1972 1185 2007 duxit,
1200 1972 1254 2001 sed
1269 1972 1308 2002 de

57 2011 168 2044 borum
184 2013 362 2052 majoribus,
374 2013 427 2051 qui
442 2013 634 2043 Lucumones
647 2011 832 2054 (principes)
848 2015 961 2044 Arretii
972 2014 1108 2044 fuerunt.
1118 2031 1160 2036 —
1174 2013 1309 2056 [magni-r

56 2053 242 2098 legionibus]
268 2056 500 2091 ‘exercitibus;'
522 2058 639 2097 magnis
654 2064 768 2094 autem,
792 2065 826 2087 ut
845 2058 878 2087 in
894 2068 984 2088 versu
1003 2058 1148 2088 Saturnio
1167 2059 1200 2087 in
1217 2059 1310 2089 Acilii

56 2099 236 2131 Glabrionis
262 2100 366 2129 tabula
391 2100 474 2138 apud
499 2100 628 2134 Atilium
655 2101 913 2131 Fortunatianum
944 2112 973 2141 p.
999 2101 1094 2138 2680,
1124 2102 1158 2131 Ρ.
1182 2102 1308 2138 Fundit,

50 2134 156 2184 figat,
174 2144 337 2182 prosternit
357 2144 532 2173 maximas
553 2143 690 2183 legiones.
703 2160 746 2165 —
763 2142 850 2183 [naso
860 2143 1034 2184 suspendis]
1059 2145 1121 2175 cfr.
1142 2146 1205 2174 Sat.
1225 2146 1254 2181 2,
1277 2145 1309 2183 8,

57 2184 112 2225 u
155 2187 213 2216 Est
225 2188 317 2215 ‘naso
332 2193 493 2224 corrugato
506 2187 513 2199 ’
533 2196 604 2216 cum
626 2187 749 2217 fastidio
764 2194 796 2218 et
814 2194 992 2227 contemptu
1017 2188 1156 2224 irridere,
1178 2189 1307 2219 subsan-

59 2238 145 2267 ure,
157 2227 378 2270 μυκτηρίζειν,
394 2227 592 2260 σιλλαίνειν.

47 2276 53 2284 ‘
101 2272 218 2309 7—17.
241 2272 334 2313 [Cum
348 2270 477 2312 referre]
502 2272 614 2306 ‘'rmn.
636 2283 732 2312 quum
757 2272 806 2312 (ut
823 2284 945 2314 semper
965 2272 1052 2314 facis)
1074 2274 1186 2305 referre
1202 2285 1309 2314 negas,

61 2322 133 2347 We
146 2316 202 2346 tibi
217 2317 393 2356 persuades,
409 2322 491 2346 recte
509 2316 566 2346 hoc
580 2317 695 2346 sentis.'
709 2333 753 2339 —
769 2316 855 2357 [dum
875 2315 1038 2357 ingenuus]
1068 2318 1143 2348 Haec
1157 2319 1249 2348 unica
1264 2325 1312 2349 est

62 2359 219 2400 nuptio:
243 2359 360 2390 scilicet
379 2369 492 2396 servos,
516 2369 554 2390 ne
578 2360 782 2391 manumissos
805 2360 940 2400 quidem,
964 2367 999 2392 ut
1015 2361 1074 2392 sibi
1092 2372 1181 2402 pares
1196 2361 1313 2393 amicos

649 2403 676 2434 G
700 2404 720 2434 5
