1390 2586
126 129 175 166 16
492 139 750 166 SATmARUM
778 129 977 167 L113.1.6.

124 239 235 278 Ante
254 244 493 292 potestatem
515 237 627 277 Tulli
647 245 768 292 atque
788 237 966 293 ignobile
986 253 1170 294 regnum,

125 294 281 334 Multos
301 308 407 348 saepe
428 294 532 334 viros
553 293 671 334 nullis
693 294 907 348 majoribus
928 302 1034 335 ortos
1293 297 1343 335 10

124 349 180 390 Et
200 350 344 390 vixisse
365 349 522 404 probos,
544 349 686 403 amplis
707 359 747 390 et
767 350 982 390 honoribus
1001 357 1161 391 auctos:

125 406 289 453 Contra,
314 406 539 453 Laevinum,
563 405 700 446 Valeri
721 420 864 460 genus,
887 406 992 446 unde
1016 406 1222 461 Superbus

123 462 369 516 Tarquinius
389 477 515 516 regno
535 461 672 516 pulsus
693 462 779 510 fuit,
803 462 920 502 unius
938 462 1035 502 assis

122 517 217 557 Non
240 532 415 572 unquam
436 518 565 572 pretio
586 517 710 572 pluris
730 518 903 566 licuisse,
926 526 1090 559 notante

120 573 279 622 Judice,
302 588 382 628 quo
403 573 519 621 nosti,
542 574 704 628 populo,
728 574 797 628 qui
817 574 961 615 stultus
983 574 1152 615 honores
1292 575 1340 614 15

124 631 240 684 Saepe
261 631 327 670 dat
347 629 536 694 indignis,
559 638 600 670 et
618 629 734 670 famae
753 631 875 671 servit
894 630 1066 684 ineptus,
1126 668 1129 670 .

123 684 207 733 Qui
228 694 363 741 stupet
382 685 422 725 in
446 686 570 726 titulis
590 694 631 726 et
650 685 904 741 imaginibus.
965 685 1077 734 Quid
1098 692 1255 741 oportet

122 740 208 782 Nos
228 742 371 791 facere,
394 757 417 782 a
437 742 558 796 vulgo
579 742 699 797 longe
721 742 878 797 lateque
899 749 1072 782 remotos
1086 741 1106 782 Ρ

122 796 310 852 Namque
332 805 428 846 esto,
450 798 622 852 populus
644 798 811 839 Laevino
832 798 969 838 mallet
989 798 1180 838 honorem

121 852 255 901 Quam
280 853 410 894 Decio
431 854 618 894 mandare
639 869 764 902 novo3
799 854 1032 909 Censorque
1053 860 1232 895 moveret
1286 857 1340 894 20

119 910 326 963 Appius,
315 924 494 965 ingenuo
514 910 546 950 si
567 924 646 950 non
668 925 794 950 essem
817 919 927 964 patre
949 918 1086 958 natus3

119 965 198 1006 Vel
219 966 373 1015 merito,
396 966 584 1020 quoniam
605 966 644 1006 in
667 966 826 1020 propria
849 981 927 1007 non
950 967 1054 1021 pelle
1075 965 1286 1020 quiessem.

121 1022 201 1062 Sed
222 1022 404 1077 fulgente
425 1022 546 1062 trahit
565 1022 797 1063 constrictos
819 1023 962 1063 Gloria
980 1037 1096 1062 curru

120 1077 214 1118 Non
235 1078 365 1118 minus
386 1078 544 1133 ignotos
565 1078 781 1132 generosis.
844 1078 940 1126 Quo
961 1078 1045 1127 tibi,
1069 1077 1181 1126 Tilli,
1209 1124 1211 1127 7

121 1135 289 1174 Sumere
310 1134 534 1188 depositum
558 1134 725 1183 clavum,
747 1133 916 1189 fierique
938 1133 1128 1175 tribuno?
1284 1136 1341 1189 25¹

118 1189 277 1230 Invidia
295 1190 480 1238 accrevit,
503 1190 657 1255 privato
679 1205 781 1255 quae·
790 1190 919 1230 minor
939 1199 1056 1232 esset.
1295 1200 1296 1203 ’

118 1245 225 1286 Nam
247 1255 291 1287 ut
310 1246 480 1301 quisque
501 1247 663 1286 insanus
680 1246 804 1301 nigris
824 1247 998 1287 medium
1020 1245 1204 1301 impediit
1223 1260 1312 1287 crus

118 1301 312 1351 Pellibus,
336 1311 376 1343 et
397 1303 519 1342 latum
541 1302 701 1342 demisit
722 1280 884 1356 pectore
905 1303 1074 1352 clavum,
1120 1315 1123 1317 ·
1146 1336 1147 1339 ,

117 1359 248 1399 Audit
268 1359 471 1406 continuo,
496 1358 600 1406 Quis
623 1358 739 1398 homo
761 1359 837 1407 hic,
859 1367 928 1400 aut
948 1373 1028 1413 quo
1048 1365 1160 1423 patre
1179 1357 1327 1399 natus?

118 1414 192 1462 Ut,
214 1415 246 1454 si
268 1415 337 1479 qui
357 1423 537 1470 aegrotet,
560 1429 640 1468 quo
661 1414 798 1455 morbo
822 1415 982 1464 Barrus,
1005 1413 1141 1455 haberi
1285 1417 1339 1454 30

117 1469 173 1511 Et
193 1471 328 1525 cupiat
347 1471 554 1518 formosus,
577 1478 641 1511 eat
661 1485 915 1525 quacunque,
937 1470 1082 1526 puellis

116 1526 279 1581 Injiciat
298 1541 431 1567 curam
453 1526 657 1580 quaerendi
679 1526 861 1581 singula3
893 1527 1002 1581 quali

118 1583 181 1623 Sit
200 1583 328 1631 facie,
337 1598 441 1629 sura,
465 1582 576 1646 quali
595 1581 710 1636 pede,
733 1583 867 1631 dente,
891 1583 1056 1637 capillo:

118 1639 198 1687 Sic,
222 1640 290 1693 qui
312 1639 521 1693 promittit,
544 1638 663 1686 cives,
687 1638 825 1679 urbem
847 1639 922 1679 sibi
944 1654 1061 1688 curae,
1271 1671 1274 1677 .

115 1694 339 1749 Imperium
360 1696 456 1743 fore,
480 1704 520 1735 et
542 1694 712 1742 Italiam,
735 1702 776 1735 et
796 1694 961 1735 delubra
980 1695 1167 1744 deorum3
1283 1697 1337 1736 35

117 1750 213 1798 Quo
234 1760 345 1805 patre
366 1751 418 1791 sit
438 1758 565 1802 natus,
586 1765 681 1790 num
702 1750 843 1806 ignota
865 1759 990 1792 matre
1009 1751 1255 1800 inhonestus,

117 1806 272 1848 Omnes
294 1806 479 1847 mortales
500 1821 638 1846 curare
659 1814 700 1846 et
720 1822 898 1861 quaerere
921 1807 1041 1862 cogit.

116 1862 238 1903 Tune
262 1863 366 1917 Syri,
390 1862 548 1911 Damae,
571 1870 640 1903 aut
663 1862 834 1918 Dionysi
858 1862 975 1911 filius,
997 1863 1121 1904 audes

116 1918 309 1974 Dejicere
331 1934 352 1959 e
373 1933 469 1959 saxo
491 1921 609 1966 cives,
632 1926 702 1959 aut
722 1919 877 1959 tradere
901 1919 1081 1973 Cadmo.
1071 1917 1090 1950 Ῥ

115 1976 174 2017 At
198 1975 351 2016 Novius
371 1975 526 2030 collega
545 1974 671 2030 gradu
692 1983 782 2029 post
803 1990 877 2015 me
886 1975 999 2016 sedet
1019 1990 1123 2016 uno·
1113 2006 1123 2024 ‚
1282 1978 1336 2015 40

115 2032 305 2086 Namque
340 2039 400 2072 est
431 2031 512 2079 ille,
546 2039 659 2085 pater
683 2031 800 2085 ¹quod
834 2041 919 2073 erat
951 2046 1076 2072 meus.
1138 2030 1238 2072 Hoc·
1263 2031 1338 2072 tibi

229 2087 405 2136 Paullus,

115 2144 173 2185 Et
195 2143 370 2184 Messala
390 2142 565 2183 videris?
594 2151 636 2182 at
656 2142 732 2191 hic,
756 2142 788 2183 si
810 2143 959 2199 plostra
978 2143 1162 2191 ducenta,

117 2201 450 2254 Concurrautque
470 2200 555 2239 foro
577 2199 650 2240 tria
670 2199 821 2248 funera,
843 2214 990 2255 magna
1009 2199 1178 2249 sonabit,

117 2257 280 2297 Cornua
300 2256 407 2310 quod
427 2255 641 2309 vincatque
662 2255 797 2296 tubas:
830 2255 969 2296 saltem
991 2262 1102 2297 tenet
1121 2255 1195 2296 hoc
1214 2268 1299 2295 nos.

115 2312 239 2354 Nunc
257 2312 307 2353 ad
328 2326 391 2352 me
411 2312 531 2352 redeo
551 2311 739 2352 libertino
759 2319 871 2367 patre
890 2319 1042 2361 natum,
1279 2313 1333 2351 45
