1390 2586
119 127 198 170 148
542 127 909 158 INTERPRETATIO.
1250 126 1338 170 [su.

114 238 171 268 pro
185 229 268 258 modo
282 226 422 267 s.sormd.
437 243 478 248 -
496 225 638 267 [pellem]
657 227 830 266 ‘vulpinam
846 226 929 256 illam
944 225 1145 256 simulationis
1159 235 1194 256 ac
1206 225 1340 257 fraudis?

116 271 178 301 Csr.
202 271 301 300 locum
324 269 511 299 simillimum
534 271 612 308 Epp.
631 270 658 306 1,
676 269 725 304 16,
747 269 796 298 45.
808 284 851 290 -
866 266 942 308 [per
964 267 1032 309 ora]
1061 269 1120 298 Sal.
1137 269 1207 307 Jug.
1223 268 1274 305 31,
1293 270 1340 299 in-

116 314 225 343 cedunt
245 323 300 351 per
318 323 370 342 ora
391 316 488 341 vestra
511 313 669 351 magnifici,
693 312 742 351 &a
757 326 800 333 —
816 309 975 350 [Cederet]
1003 311 1099 340 Plaut.
1115 310 1184 340 Cas.
1200 311 1231 346 2,
1245 311 1277 349 8,
1292 311 1342 348 10,

117 356 160 385 At
182 357 359 385 candidatus
379 355 457 384 cedit
478 355 526 384 hic
549 355 698 394 mastigia.
711 370 756 376 —
772 350 915 393 [Laelius]
942 354 975 383 C.
992 353 1104 383 Laelius
1125 353 1261 392 Sapiens,
1283 362 1342 383 eos.

117 406 149 428 Α.
162 405 193 426 u.
207 406 232 426 c.
250 397 319 426 614.

160 439 294 474 67—70.
313 437 466 478 [Metello]
485 439 541 468 Est
553 439 592 470 Q.
606 438 746 468 Caecilius
762 437 904 467 Metellus
918 437 1142 472 Macedonicus,
1157 447 1216 467 cos.
1234 444 1342 467 A.u.c.

119 481 191 516 611,
208 481 259 519 qui
277 482 314 510 de
329 481 586 519 Pseudophilippo
602 479 808 519 triumphavit.
833 479 912 509 Plin.
927 480 967 509 H.
981 479 1020 509 N.
1036 479 1066 516 7,
1081 480 1131 515 44,
1154 479 1299 518 Equidem
1313 483 1343 509 et

118 521 260 562 Africani
280 524 427 562 sequentis
450 523 547 562 (hunc
571 523 739 557 Metellum,
762 522 860 551 virum
883 521 1035 559 ceteroqui
1057 519 1276 560 felicissimum)
1295 522 1343 551 in-

118 563 339 604 imicumfuisse
354 567 431 595 inter
445 566 630 595 calamitates
644 565 788 599 duxerim,
803 566 865 603 ipso
879 568 951 594 teste
965 565 1164 594 Macedonico.
1194 564 1343 604 Siquidem

119 609 222 638 liberis
237 610 347 638 dixerit
359 619 370 637 .·
392 609 440 638 Ite
448 608 509 645 filii
523 609 667 638 celebrate
681 608 834 646 exsequias
845 618 856 641 ,-
872 616 1020 646 nunquam
1034 607 1106 636 civis
1118 605 1241 645 majoris
1246 603 1344 644 sunus

120 651 266 680 videbitis.
282 667 324 671 —
340 648 457 689 [Lupo]
477 650 532 679 Est
547 650 582 679 L.
598 650 757 679 Cornelius
774 649 921 678 Lentulus
938 649 1051 687 Lupus,
1064 657 1122 678 cos.
1144 656 1247 678 A.u.c.
1270 647 1344 678 598.

122 693 282 722 Mordaces
297 693 327 721 in
345 693 425 721 hunc
439 691 548 721 Lucilii
564 701 665 721 versus
677 691 806 721 servavit
819 691 924 720 Cicero
939 691 976 720 de
992 691 1030 720 N.
1046 690 1084 719 D.
1102 690 1130 728 l,
1143 691 1195 726 23,
1212 690 1345 720 Tubulus

121 737 147 764 si
162 735 272 764 Lucius
287 745 423 773 unquam,
436 735 468 764 Si
478 735 580 772 Lupus
594 739 646 764 aut
660 735 763 767 Carbo,
776 734 910 772 Neptuni
916 733 1008 771 filiu’,
1018 733 1098 762 divos
1112 733 1187 762 Esse
1199 736 1344 770 putasset,

122 782 183 806 tam
205 779 311 815 impius
336 781 388 806 aut
409 775 543 815 perjuru’
566 774 704 815 fuisset?
718 791 760 797 —
777 773 940 814 [cooperto]
969 781 1113 813 tanquam
1137 774 1286 813 lapidibus
1311 774 1343 803 in

122 829 191 849 eum
210 819 310 858 jactis.
323 835 364 840 —
381 817 543 858 [arripuit]
567 819 743 857 ‘aggressus
765 824 819 855 est,
843 818 874 846 in
893 827 943 847 eos
965 817 1110 847 acerrime
1131 814 1288 845 invectus!
1302 832 1345 840 ι-

125 859 293 900 [tributim]
314 862 385 899 ‘per
407 870 512 890 omnes
534 861 575 890 35
596 860 712 896 tribus:
727 860 814 899 quasi
833 859 976 889 dixisset:
1000 859 1166 898 ‘populum
1181 858 1344 888 cunctum!

123 904 205 933 Pers.
224 904 250 939 l,
270 903 338 937 114,
356 904 456 933 Secuit
470 904 604 933 Lucilius
617 904 725 932 urbem.

165 945 298 981 71—74.
324 943 443 986 [svend]
468 947 506 975 ‘a
528 945 591 975 vita
613 945 743 984 publica,
766 943 817 974 ubi
841 944 925 982 quasi
948 943 979 972 in
1002 943 1130 978 theatro,
1153 942 1185 972 in
1208 942 1344 972 omnium

123 988 237 1018 civium
253 994 415 1027 conspectu
430 988 645 1018 versabantur.’
659 1005 701 1010 —
718 985 766 1026 [in
781 984 910 1026 secreta]
925 985 936 1001 ‘
946 986 1025 1015 intra
1040 995 1109 1015 suos
1123 984 1252 1023 parietes
1267 989 1298 1014 et
1311 984 1344 1014 in

123 1040 259 1060 amoenos
274 1031 413 1059 villarum
429 1030 582 1060 secessus.’
597 1046 639 1051 —
656 1027 779 1068 [Virtus
795 1026 959 1068 Scipiadae]
985 1027 1046 1057 Cfr.
1063 1029 1125 1057 Sat.
1142 1027 1171 1063 l,
1193 1027 1223 1063 2,
1243 1026 1293 1063 32,
1314 1031 1347 1055 et

123 1083 215 1111 supra
230 1083 258 1102 v·
276 1072 374 1107 17.—
385 1069 566 1112 [sapientiai]
584 1072 716 1110 Populus
732 1081 793 1100 uno
804 1081 951 1100 consensu
969 1070 1118 1108 Sapientis
1133 1069 1161 1098 ei
1176 1078 1345 1107 cognomen

123 1117 278 1145 tribuerat.
289 1131 331 1136 —
346 1112 515 1154 [discincti]
534 1115 541 1130 ‘
554 1115 652 1143 soluto
667 1114 776 1143 tunicae
790 1113 923 1151 cingulo,
938 1118 972 1141 ut
984 1111 1170 1142 commodius
1183 1111 1347 1140 luderent!

122 1173 164 1180 —
183 1155 436 1196 [Decoqueretur]
454 1157 579 1186 ‘Donec
600 1166 687 1186 coena
708 1161 874 1195 pararetur.
918 1154 1058 1184 Ostendit
1078 1163 1133 1193 per
1154 1153 1272 1189 herbas,
1294 1162 1347 1182 eos

122 1199 216 1230 fuisse
231 1199 365 1228 sobrios.’
392 1199 499 1228 Comm.
517 1199 566 1228 Cr.

165 1241 268 1276 75-—7
271 1242 298 1270 8.
332 1239 513 1280 [ingenium]
541 1241 699 1272 Quatenus
723 1239 774 1269 ille
799 1240 939 1269 inventor
963 1238 1055 1278 hujus
1080 1237 1200 1276 generis
1223 1237 1290 1267 fuit.
1303 1253 1347 1258 —

125 1281 405 1324 [fragili—solido]
423 1293 492 1320 gen.
513 1288 624 1321 neum,
637 1282 770 1320 imagine
786 1283 946 1320 desumpta
961 1282 998 1310 ab
1014 1290 1060 1316 eo,
1075 1280 1127 1319 qui
1141 1280 1214 1309 dum
1229 1279 1348 1309 avidius

123 1336 232 1355 nucem
255 1326 398 1364 aliquam,
415 1326 595 1363 juglandem
617 1330 690 1363 puta
709 1325 757 1354 vel
771 1325 949 1359 avellanam,
964 1323 1106 1352 dentibus
1120 1322 1258 1360 frangere
1271 1322 1348 1358 vult,

123 1369 274 1408 putamini
290 1368 380 1397 nimis
394 1368 469 1396 duro
485 1377 535 1397 eos
551 1367 653 1402 illidit,
667 1367 785 1404 sibique
801 1367 935 1396 dolorem
950 1371 1041 1396 creat.
1205 1394 1208 1398 ,

166 1410 217 1446 79.
242 1408 326 1449 [hinc
344 1408 512 1449 dzffindere]
539 1410 625 1439 Hanc
640 1409 802 1439 lectionem
818 1413 942 1438 tuentur
958 1407 1060 1438 Acron
1076 1411 1106 1436 et
1121 1406 1238 1436 Comm.
1253 1407 1348 1445 Cruq.

124 1453 166 1482 sic
181 1453 386 1491 explicantes;
410 1454 417 1468 ‘
428 1452 592 1488 infirmare,
607 1457 710 1481 contra
727 1451 835 1481 dicere.
879 1451 897 1480 J
901 1451 963 1479 uris
977 1451 1067 1479 verbo
1081 1459 1153 1478 usus
1167 1454 1220 1478 est.
1264 1448 1347 1478 Prae-

125 1501 172 1525 tor
197 1495 279 1525 enim
305 1495 404 1524 dicere
427 1495 552 1530 solebat,
581 1495 643 1524 Hic
667 1495 730 1524 dies
751 1493 876 1531 diffusus
900 1492 980 1523 esto!
1032 1492 1158 1521 servata
1179 1490 1348 1520 difficiliore

123 1538 263 1573 lectione,
288 1547 325 1566 ex
350 1538 410 1575 qua
433 1547 493 1566 non
517 1537 670 1566 intellecta
692 1542 798 1565 ceterae
812 1545 917 1565 omnes
934 1533 1104 1574 (defindere,
1118 1534 1280 1572 diffingere,
1295 1533 1348 1562 de-

116 1581 245 1619 fingew,
269 1578 446 1619 defringere,
469 1579 643 1617 diffundere,
669 1579 810 1617 dffgere,
839 1575 986 1616 diffidere)
1011 1581 1084 1605 ortae
1112 1582 1194 1611 sunt,
1222 1574 1349 1604 inclinat

124 1623 245 1652 animus
261 1623 299 1651 ad
317 1623 384 1651 Feae
400 1621 698 1660 interpretationem:
723 1622 730 1636 ‘
743 1621 843 1649 Senex
858 1619 977 1657 lepidus
996 1623 1026 1648 et
1039 1619 1153 1648 facetus
1168 1617 1263 1647 utitur
1278 1617 1346 1655 qui—

125 1665 195 1694 dem
211 1666 302 1694 verbo
323 1674 402 1702 saepe
425 1673 443 1694 a
464 1673 496 1693 se
517 1663 621 1692 audito
641 1668 671 1692 et
691 1667 836 1700 usurpato
856 1661 888 1690 in
905 1663 975 1699 jure
996 1660 1088 1695 civili,
1107 1660 1161 1689 sed
1177 1658 1348 1698 significatu

124 1706 264 1745 proprio:
289 1706 474 1741 abscindere,
497 1715 650 1735 removere
665 1715 700 1734 ac
714 1704 857 1743 rejicere.¹
902 1704 970 1733 Hoc
984 1703 1078 1742 igitur
1093 1702 1183 1732 dicit:
1207 1704 1214 1718 ‘
1225 1701 1348 1731 omnino

123 1755 208 1778 tuam
223 1749 404 1778 sententiam
420 1748 533 1786 probo!

167 1791 300 1820 80—82.
326 1789 402 1830 [Sed
416 1795 510 1819 tamen
526 1793 558 1819 ut
572 1787 713 1828 monitus]
740 1790 748 1804 ‘
758 1788 825 1818 Etsi
844 1797 932 1826 aequa
951 1793 983 1818 et
999 1797 1071 1817 vera
1083 1791 1165 1822 sunt,
1181 1795 1248 1824 quae
1263 1785 1348 1822 dicis,

126 1838 239 1869 tamen,
254 1843 292 1862 ne
308 1838 430 1871 propter
445 1833 522 1862 mala
545 1834 676 1861 carmina
694 1832 740 1870 (id
762 1836 815 1866 est,
838 1831 968 1860 famosos
989 1827 1120 1867 libellos)
1143 1829 1222 1858 actio
1240 1828 1349 1867 injuri-

126 1885 213 1905 arum
227 1875 390 1913 aliquando
405 1874 460 1904 tibi
475 1874 652 1910 intentetur,
675 1883 730 1912 pro
748 1873 882 1902 amicitia
897 1873 1001 1902 nostra
1017 1871 1218 1901 necessarium
1231 1877 1306 1910 puto
1319 1875 1350 1899 te

125 1917 268 1953 monere‚’
287 1917 460 1947 sta—Post
482 1926 528 1946 vv.
553 1915 722 1954 quotidiani
743 1914 891 1945 sermonis
909 1916 968 1945 Sed
986 1914 1219 1953 tamen—legum
1234 1912 1349 1950 cogita-

125 1960 208 1990 tione
237 1959 390 1999 supplebis
418 1960 426 1974 ‘
439 1959 522 1994 seito,
553 1959 595 1988 sic
622 1959 759 1988 habeto:’
788 1962 822 1986 ut
847 1967 935 1996 saepe.
947 1973 990 1978 —
1007 1953 1347 1996 [sanctarum—legum]

124 2002 134 2018 ⁴
145 2012 212 2041 quae
227 2003 347 2031 summa
362 2002 531 2031 reverentia
546 2002 647 2038 dignae
663 2005 825 2038 sancteque
840 2000 1034 2029 observandae
1048 1998 1139 2028 sunt!
1153 2013 1195 2019 -—
1212 1995 1286 2036 [jus
1298 2001 1351 2027 ¹est

116 2042 340 2084 judiciumque]
356 2045 424 2073 ‘lex
441 2042 613 2083 (Cornelia)
628 2044 689 2073 lata
703 2047 748 2072 est
763 2047 793 2071 et
808 2042 885 2071 actio
899 2041 1079 2080 injuriarum
1093 2040 1124 2069 in
1140 2039 1335 2069 eumxdatur)

169 2087 303 2117 83—85.
328 2084 370 2125 [si
385 2087 450 2126 quis
464 2084 559 2125 mala]
586 2085 734 2115 Horatius
749 2084 855 2114 festive
877 2083 985 2122 accipit
1005 2084 1042 2112 de
1057 2082 1173 2112 vitiosis
1187 2088 1277 2119 atque
1300 2081 1348 2110 in-

125 2130 214 2167 eptis.
229 2145 272 2151 —
286 2126 456 2168 [laudatus]
482 2127 559 2157 Satis
581 2128 689 2157 callide
712 2127 839 2157 Caesaris
861 2126 1038 2155 auctoritate
1063 2125 1206 2154 adversus
1228 2124 1349 2162 iniquos

125 2181 194 2200 suos
209 2181 241 2200 se
257 2172 356 2200 munit
370 2181 404 2200 ac
419 2176 543 2199 tutatur.
559 2186 599 2191 ——
617 2167 804 2209 [latraverit]
826 2178 880 2207 pro
896 2170 904 2184 ⁴
914 2166 1111 2198 allatraverit'
1127 2165 1208 2205 (Liv.
1223 2166 1274 2202 38,
1290 2165 1348 2195 54:

129 2214 203 2243 Cato
230 2215 384 2243 allatravit
406 2214 551 2252 Scipionis
572 2214 823 2250 magnitudinem
847 2216 877 2240 et
898 2211 937 2240 ad
959 2216 1068 2240 constr.
1090 2209 1202 2238 latrare
1223 2209 1350 2247 aliquem

127 2256 178 2285 cfr.
196 2256 291 2294 Epod.
308 2257 337 2289 5,
353 2256 382 2285 8.
406 2256 484 2294 Epp.
503 2255 531 2290 1,
546 2255 578 2292 2,
592 2252 665 2295 66):
690 2257 697 2271 ‘
710 2254 735 2283 si
750 2254 781 2283 in
797 2253 888 2283 talem
903 2253 1058 2282 hominem
1072 2251 1209 2280 invectus
1223 2250 1301 2287 erit,'
1317 2250 1350 2279 id

126 2298 208 2337 quod
223 2298 313 2327 etiam
331 2300 401 2336 jure
417 2298 482 2327 fieri
496 2301 602 2336 potest.

169 2339 219 2370 86.
245 2338 413 2379 [Solventur
434 2342 498 2370 risu
519 2337 644 2378 tabulae]
677 2338 815 2369 Matthiae
837 2338 876 2367 ad
895 2337 958 2368 Cic.
980 2346 1035 2376 pro
1057 2336 1146 2366 Rose.
1169 2335 1238 2365 Am.
1256 2333 1348 2372 §822
