1390 2586
139 109 215 151 130
558 106 927 138 mmnmssn'rio.
1255 81 1356 150 [ui.

139 214 267 239 tractare
287 217 348 237 non
363 211 492 246 poterat,
510 206 590 244 quod
607 207 671 245 jam
692 210 795 235 contra
816 211 881 235 erat
893 206 926 236 in
941 205 1074 236 libertini
1095 205 1167 235 filio.
1181 221 1225 228 -—
1240 204 1356 247 [Tulli]

111 282 113 284 ,
144 251 211 281 Liv.
226 251 255 286 4,
271 251 308 281 3:
333 251 380 280 En
399 260 524 288 unquam
547 250 667 279 credilis
680 247 778 288 fando
795 249 929 278 auditum
947 249 1195 279 esse—Servium
1220 248 1358 285 Tullium,

142 295 260 332 captiva
277 293 471 322 Corniculana
492 296 602 327 natum,
624 295 709 331 patre
728 291 818 326 nullo,
838 295 932 321 matre
952 292 1045 326 eervd,
1070 292 1186 329 ingenio
1206 294 1234 320 et
1250 292 1359 322 virtute

143 346 264 376 regnum
285 337 410 365 tenuisse
422 337 436 363 'l
452 350 494 356 —
509 331 692 372 [Loevinum]
712 334 729 349 ‘⁶
743 333 801 362 Hic
816 333 848 362 P.
862 333 998 362 Valerius
1018 333 1158 362 Laevinus
1179 333 1255 362 adeo
1271 333 1359 363 foedis

143 388 178 408 ac
201 378 340 416 projectis
366 377 396 406 in
423 386 544 405 ornnem
570 375 790 414 turpitudinem
816 375 949 404 moribus
972 375 1060 414 vixit,
1084 380 1118 404 ut
1145 375 1269 414 provehi
1297 385 1359 405 non

143 421 277 459 potuerit
298 420 377 449 ultra
390 424 550 458 quaesturae
565 417 774 456 dignitatem.’'
797 418 906 456 Porph.
919 433 962 439 —
981 415 1088 457 [unde]
1105 419 1150 446 “a
1165 427 1225 455 quo
1240 417 1361 448 Valerio

143 463 309 497 Publicola,
325 467 377 492 ut:
398 471 492 500 genus
513 462 589 490 unde
611 460 772 490 Latinum!
795 461 888 489 Schol.
903 475 946 481 -—
961 458 1081 499 [pulsus
1090 458 1172 499 suit]
1194 461 1243 489 ‘et
1257 460 1362 499 pulsus

143 510 189 535 est
214 511 244 534 et
263 511 366 543 postea
390 504 420 532 in
443 509 623 542 perpetuum
647 503 732 532 exsul
755 501 886 532 mansit.’
901 517 944 523 —
959 501 1059 541 [unius
1081 500 1172 541 assis]
1196 502 1361 532 Construe:

143 558 199 577 non
214 557 341 586 unquam
358 547 457 585 pluris
472 547 569 584 pretio
591 546 676 575 unius
697 546 771 574 assis
793 546 919 580 licuisse,
941 544 1121 574 aestimatum
1142 554 1206 574 esse
1221 545 1314 574 veluti
1329 544 1361 578 in

142 589 308 619 licitatione
333 599 355 618 s.
380 588 519 618 auctione
530 599 540 625 3
563 589 571 603 ‘
582 589 662 618 there
684 589 739 616 has
755 597 841 617 never
867 587 937 617 been
954 597 1031 616 more
1046 588 1097 616 bid
1107 585 1161 626 sor
1181 588 1241 616 him
1256 588 1327 616 than
1342 597 1362 616 a

142 633 237 670 single
243 630 407 670 forming!
422 647 465 652 —
479 627 628 669 [notante]
646 629 866 667 ‘ignominiose
887 629 924 658 de
946 638 982 658 eo
998 629 1174 668 judicante‚¹
1201 634 1234 658 ut
1256 638 1362 658 censor

142 679 235 710 notat,
251 684 340 712 quem
356 678 462 702 senatu
477 677 635 701 movet.—
650 671 780 711 [judica
796 682 851 710 quo
864 669 956 710 nosti]
981 671 1128 700 Attractio
1141 671 1232 700 etiam
1248 671 1362 700 Graecis

142 717 263 751 usitata,
279 721 312 745 ut
333 716 454 745 Terent.
473 716 635 744 Heautont.
655 714 681 749 l,
705 715 732 750 l,
751 714 802 748 35,
827 715 882 743 hac
902 714 1017 752 quidem
1037 715 1127 743 causa
1146 715 1204 752 qud
1218 714 1282 743 dixi
1297 715 1362 743 tibi.

141 774 185 781 ·—
200 756 328 798 [titulis]
352 757 597 796 inscriptionibus
615 761 782 786 statuarum
798 765 831 786 ac
847 761 1112 785 monumentorum
1131 755 1361 785 honorariorum

139 801 443 840 sepulchraliumque.

187 843 320 873 13-23.
354 841 453 881 [longe
476 838 633 881 longeque]
668 841 778 870 Modus
806 840 1023 878 superlativum
1051 838 1242 878 exprimendi
1270 839 1362 869 etiam

143 886 223 924 apud
248 886 311 915 Cic.
331 886 368 914 de
385 885 452 914 Fin.
474 885 502 919 2,
524 884 575 920 21,
600 893 691 921 quem
714 889 872 912 servarunt
893 883 972 912 Itali.
986 898 1029 904 —
1045 880 1169 922 [Decio]
1194 882 1226 912 P.
1251 882 1362 912 Decius

147 929 226 963 Mus,
241 928 333 957 homo
353 937 451 963 novus,
473 926 589 965 primus
608 936 624 955 e
643 925 742 955 Deciis
764 926 867 955 consul
890 925 947 954 suit
968 931 998 954 et
1018 925 1049 954 in
1067 925 1145 954 bello
1160 934 1228 953 cum
1246 923 1362 954 Latinis

143 980 198 1010 pro
213 970 382 1008 legionibus
399 969 546 999 Romanis
568 969 613 998 dis
636 967 740 998 inferis
759 977 824 997 sese
846 967 966 997 devovit
982 975 1011 996 Α.
1029 975 1058 996 U.
1076 975 1102 997 c.
1119 966 1189 996 414.
1207 967 1271 996 Liv.
1287 967 1316 1001 8,
1331 967 1362 998 9.

142 1028 184 1034 —-
200 1010 346 1052 [Appius]
371 1012 486 1050 Appius
507 1011 652 1040 Claudius
667 1010 807 1047 Pulcher,
830 1010 861 1039 P.
886 1010 983 1039 Clodii
999 1010 1100 1045 frater,
1116 1010 1154 1038 de
1169 1018 1229 1047 quo
1251 1009 1363 1039 Caelius

143 1056 181 1084 ad
202 1056 284 1084 Fam.
306 1055 336 1090 8,
357 1054 405 1090 14,
426 1064 598 1093 persuasum
617 1058 660 1083 est
686 1055 713 1083 ei
733 1063 884 1082 censuram
907 1053 1060 1082 lomentum
1086 1056 1138 1081 aut
1163 1053 1272 1080 nitrum
1292 1061 1362 1082 esse.

141 1098 258 1127 Errare
282 1098 353 1126 mihi
379 1098 504 1126 videtur.
557 1097 636 1125 Nam
660 1096 759 1124 sordes
786 1096 883 1125 eluere
907 1095 989 1128 vult,·
1021 1104 1110 1124 venas
1133 1094 1192 1123 sibi
1215 1104 1310 1123 omnes
1334 1098 1365 1124 et

141 1141 254 1170 viscera
268 1141 373 1178 aperit.
388 1155 429 1160 -—
446 1137 519 1177 [Vel
540 1135 658 1177 merito]
682 1135 818 1173 εἰκότως.
865 1136 945 1166 Scite
967 1137 1023 1166 hoc
1043 1135 1189 1165 versiculo
1203 1135 1363 1174 significat,

141 1192 172 1212 se
188 1191 309 1220 prorsus
333 1181 493 1210 abhorrere
517 1182 555 1210 ab
578 1180 743 1209 honoribus
759 1179 935 1208 Maecenatis
955 1178 1055 1208 favore
1077 1177 1244 1216 captandis.
1257 1194 1301 1199 —
1317 1176 1364 1217 [in

138 1226 262 1263 propria
275 1222 366 1263 pelle]
384 1226 402 1239 “
416 1224 462 1252 Ex
477 1223 635 1262 proverbio
650 1227 803 1260 sumptum
820 1227 864 1250 est
879 1221 909 1250 in
927 1231 987 1256 eos,
1002 1221 1053 1259 qui
1070 1220 1286 1249 mediocritatis
1300 1230 1363 1250 suae

139 1267 224 1296 obliti
237 1268 351 1305 majora
367 1276 397 1295 se
413 1266 486 1304 ipsis
500 1270 656 1303 appetunt,
679 1274 753 1303 quos
769 1273 829 1292 non
845 1262 993 1293 contineri
1008 1263 1088 1292 intra
1103 1262 1273 1301 pelliculam
1287 1263 1362 1292 dici-

137 1309 236 1339 mus.’¹
263 1310 427 1347 Porph.-
443 1306 519 1347 [Sed
533 1305 688 1346 fulgente]
725 1307 835 1335 Versus
864 1305 1013 1335 heroicus.
1057 1305 1170 1334 Gloriae
1192 1305 1274 1334 velut
1297 1305 1362 1334 deae

138 1361 243 1381 currus
265 1351 418 1385 tribuitur,
440 1356 474 1379 ut
489 1350 629 1378 Victoriae
649 1358 666 1378 a
690 1349 844 1378 Simonide
861 1349 950 1377 Anal.
970 1348 1019 1377 Br.
1037 1347 1060 1377 l.
1077 1357 1106 1386 p.
1126 1346 1194 1383 137,
1221 1344 1364 1380 Εὐδόξου

139 1393 242 1430 Νίκας
257 1391 387 1433 ἀγλαὸν
403 1390 476 1431 ἅρμ’
492 1389 622 1428 ἐπέβης.
646 1391 708 1421 Cfr.
724 1392 762 1420 ad
779 1391 857 1429 Epp.
873 1391 902 1426 2,
922 1390 948 1425 1,
966 1389 1033 1425 177.

180 1436 313 1466 24-34.
339 1433 447 1474 [Tilli]
471 1436 490 1451 ⁵‘
502 1435 610 1463 Tillius
631 1433 680 1463 hic
702 1438 808 1463 senatu
829 1439 928 1462 motus
943 1438 988 1462 est
1003 1442 1020 1462 a
1036 1432 1153 1462 Caesare
1171 1430 1257 1470 quasi
1272 1431 1362 1461 Pom-

139 1479 286 1518 peianus;
310 1478 407 1507 occiso
423 1487 493 1507 vero
509 1477 627 1506 Caesare
642 1476 755 1514 recepit
775 1476 868 1505 latum
888 1475 996 1504 iterum
1012 1475 1140 1510 clavum,
1157 1474 1188 1503 id
1203 1478 1258 1508 est,
1273 1483 1362 1503 eena-

141 1521 249 1550 toriam
261 1520 450 1558 dignitatern,
467 1525 497 1548 et
508 1520 646 1548 tribunus
662 1519 793 1547 militum
804 1517 899 1546 factus
915 1517 990 1546 est.'’
1015 1517 1119 1546 Comm.
1138 1517 1224 1555 Cruq.
1257 1516 1364 1545 Frater

139 1563 197 1593 fuit
212 1563 335 1593 fortasse
350 1562 432 1592 Tillii
449 1562 574 1597 Cimbri,
590 1559 717 1590 Caesaris
731 1559 940 1589 interfectoris.
983 1558 1108 1588 Tribuni
1121 1564 1222 1587 autem
1237 1559 1363 1587 militum

139 1610 281 1645 quattuor
295 1606 456 1643 legionibus
467 1605 571 1643 primis
586 1603 738 1632 habebant
751 1604 801 1641 jus
817 1601 867 1631 lati
884 1601 968 1630 clavi.
1013 1602 1095 1630 Suet.
1113 1600 1223 1629 Domit.
1244 1600 1291 1636 10,
1307 1601 1363 1630 tri-

141 1650 234 1678 hunus
248 1644 536 1687 laticlaviam—[ut]
551 1648 603 1675 ‘ex
616 1655 676 1683 quo
691 1651 835 1683 tempore,
846 1643 991 1674 simulac-¹
1001 1659 1044 1664 —-
1056 1640 1361 1682 [nigris-Pellibus]

140 1691 276 1728 corrigiis
299 1695 449 1728 quattuor,
473 1699 510 1718 ex
531 1688 618 1726 nigra
640 1688 731 1723 aluta,
755 1686 864 1724 quibus
887 1686 988 1715 medio
1010 1685 1041 1714 in
1063 1695 1148 1714 crure
1170 1685 1254 1723 ligati
1277 1691 1364 1715 erant

139 1738 312 1762 senatorum
329 1732 419 1761 calcei
438 1731 498 1761 albi
513 1731 559 1759 vel
580 1730 734 1768 purpurei,
749 1729 854 1758 addita
876 1728 983 1757 lunula
1004 1729 1138 1757 eburnea
1157 1727 1236 1756 circa
1257 1727 1362 1757 talum.

138 1772 333 1814 -—[Barrus]
359 1774 420 1803 Csr.
444 1775 504 1802 Sat.
530 1772 556 1808 l,
579 1773 608 1808 4,
637 1772 704 1810 llo,
726 1772 826 1807 homo,
851 1776 1014 1808 antequam
1034 1772 1115 1808 inops
1138 1769 1235 1808 fieret,
1258 1769 1362 1799 sormae

137 1817 238 1847 studio
263 1817 423 1846 immodice
448 1814 568 1844 deditus
591 1820 621 1844 et
645 1814 851 1843 adulterarum
876 1809 1239 1851 sectatum—[promittit]
1267 1812 1362 1841 ‘dum

138 1859 317 1889 candidatus
331 1859 460 1888 honores
475 1857 560 1896 petit,
578 1867 645 1895 quae
660 1862 828 1894 sequuntur
850 1855 998 1894 promittit
1012 1854 1127 1884 civibus
1141 1854 1224 1884 suis.’
1271 1853 1362 1884 Vides

138 1902 300 1932 Horatium
314 1901 479 1930 etiamtunc
493 1900 576 1937 loqui
591 1900 674 1928 velut
687 1905 787 1928 vetere
802 1897 966 1936 republica.

178 1944 313 1974 38-44.
338 1941 454 1982 [Tune]
472 1942 571 1980 inquit
585 1942 693 1979 aliquis
708 1951 746 1970 ex
761 1940 1018 1979 popula—Syrus
1037 1943 1148 1974 autem,
1164 1939 1271 1974 Dama,
1287 1938 1362 1968 Dio-

136 1989 250 2026 nysiae,
263 1986 350 2016 solita
363 1995 516 2015 servorum
529 1982 861 2022 nomina—[Deficere
876 1993 891 2012 e
905 1979 991 2020 saxo]
1007 1981 1136 2020 Tarpeio
1148 1981 1195 2010 vel
1207 1988 1241 2010 ut
1253 1980 1361 2010 trium-

135 2029 182 2059 vir
197 2028 343 2067 capitalis,
358 2029 405 2058 vel
420 2028 519 2066 potius
534 2027 672 2056 tribunus
687 2027 727 2064 pl.
751 2025 938 2064 Supplicium
954 2029 1054 2054 autem
1070 2023 1145 2053 illud
1164 2032 1224 2052 non
1240 2032 1362 2061 prorsus

137 2071 292 2100 insolitum
323 2070 414 2100 etiam
442 2075 514 2099 tunc
537 2069 637 2104 fuisse,
666 2073 813 2097 monstrat
840 2067 1012 2105 exemplum
1043 2066 1074 2095 P.
1104 2065 1280 2103 Dolabellae,
1309 2065 1361 2103 qui

139 2122 252 2144 Asta-c.
271 2113 342 2149 710,
363 2113 500 2142 homines
525 2112 657 2150 perditos
681 2121 716 2140 ac
744 2109 912 2144 seditiosos,
935 2109 1044 2138 liberos
1069 2108 1106 2137 de
1130 2117 1202 2136 saxo
1231 2107 1362 2145 Tarpeio

138 2156 238 2194 dejici,
252 2165 352 2185 servos
367 2155 398 2184 in
414 2163 532 2184 crucem
548 2154 596 2191 agi
607 2153 706 2192 jussit.
730 2152 791 2183 Cic.
809 2153 923 2190 adyAtt.
936 2151 984 2186 14,
999 2147 1234 2189 15.—-[Cadmo]
1251 2151 1270 2165 ‘⁸
1282 2149 1362 2179 Cad-

133 2207 202 2227 mus
225 2198 335 2227 dicitur
361 2207 396 2227 eo
422 2203 556 2236 tempore
580 2196 670 2225 fuisse
699 2194 833 2225 carnifex
863 2199 942 2224 notae
969 2191 1186 2222 crudelitatis.”
1222 2192 1362 2222 Schot—

134 2238 282 2280 [Novius]
299 2241 359 2270 ‘At
380 2249 436 2277 ego
457 2240 562 2268 saltem
585 2239 685 2267 minus
706 2239 832 2267 obscuro
854 2236 918 2266 loco
940 2241 1023 2265 ortus
1041 2244 1108 2264 sum
1124 2243 1215 2272 quam
1233 2233 1360 2269 Novius,

130 2283 244 2320 collega
255 2292 339 2312 meus
354 2282 385 2311 in
399 2282 570 2315 tribunatu3
588 2291 643 2318 ego
658 2280 818 2310 libertinus
833 2288 910 2314 sum,
927 2278 977 2308 ille
994 2274 1269 2316 libertus.¹—[Hoc
1285 2274 1358 2315 tibi]

127 2324 248 2356 tribuno
262 2325 425 2363 respondet
440 2324 584 2355 Horatius
599 2323 702 2363 populi
718 2322 826 2360 verbis,
838 2321 887 2352 cui
899 2321 955 2350 hoc
971 2329 999 2350 v.
1016 2325 1046 2352 et
1061 2329 1090 2350 v.
1109 2319 1162 2359 44,
1173 2328 1236 2349 sese
1251 2328 1359 2358 aggre-
