1390 2586
466 271 1032 318 EPISTOLARUM

542 394 708 432 LIBER.
737 396 954 436 PRIMUS.

620 587 826 618 EPISTOLA
851 589 877 619 1.

133 695 270 724 Ancum.
295 695 458 733 Compacto
485 705 557 724 sane
586 695 665 725 inter
690 696 851 726 Horatium
873 702 903 726 et
927 697 1124 729 Maecenatem
1149 699 1214 730 haec
1235 701 1362 740 epistola

131 737 242 776 scripta
258 743 312 774 est,
337 738 594 775 quemadmodum
610 738 721 774 omnia,
746 749 812 776 quae
830 740 868 769 ad
892 750 996 770 eorum
1020 742 1273 773 necessitudinem
1293 754 1360 783 per-

131 780 279 814 tinebant,
304 787 467 818 antequam
488 781 659 816 ederentur,
684 791 751 810 cum
770 782 935 812 Maecenate
958 785 1179 814 communicata
1202 795 1266 815 esse
1288 796 1359 816 con·

131 827 311 851 sentaneum
337 829 390 852 est.
434 823 502 852 Jam
528 832 622 860 quum
652 829 752 852 essent
776 833 836 853 non
862 825 961 862 pauci,
987 826 1039 864 qui
1065 827 1247 857 mirarentur
1269 835 1361 868 atque

131 864 223 893 etiam
247 870 505 902 conquererentur
524 866 607 894 nulla
630 871 682 894 aut
702 866 882 904 paucissima
905 868 1038 898 carmina
1063 869 1157 907 lyrica
1179 872 1217 899 ab
1235 871 1361 902 Horatio

131 907 282 945 componi,
306 907 365 942 hic,
387 908 461 936 dum
484 907 682 946 philosophiae
705 908 762 937 sibi
785 909 902 947 placitae
922 911 1072 949 praecipue
1087 921 1205 947 vacans,
1229 922 1283 951 per
1306 914 1360 944 hos

130 949 310 978 maturiores
333 949 402 978 vitae
427 959 521 979 annos
540 947 674 989 (circiter
693 958 722 979 Α.
736 959 766 980 u.
778 959 805 980 c.
821 951 1013 991 730-746.)
1040 953 1244 991 Epistularum
1263 956 1360 994 poeti-

131 1000 234 1020 carum
257 1001 353 1029 genus
376 1002 487 1020 novum
511 992 622 1028 condit,
647 991 757 1031 partim
780 989 850 1023 κατ’
870 991 1046 1034 εἰρωνείαν,
1070 997 1181 1034 partim
1204 1007 1242 1026 ex
1266 997 1359 1028 animi

131 1034 284 1063 sententia
315 1034 488 1063 hominibus
515 1034 574 1064 illis
603 1044 696 1073 prope
722 1035 813 1064 nimis
838 1037 991 1067 benevolis
1015 1039 1188 1076 respondet.
1232 1040 1362 1071 Simulat

131 1081 234 1105 autem
255 1086 319 1105 sese
338 1077 375 1105 de
401 1077 509 1105 talibus
534 1077 664 1114 querelis
687 1077 773 1114 quasi
797 1080 988 1116 expostulare
1013 1090 1081 1109 cum
1105 1086 1228 1119 potente
1251 1083 1360 1119 amico,

131 1128 261 1156 quocum
277 1119 408 1157 primum
424 1120 461 1147 ea
476 1119 513 1147 de
531 1128 562 1148 re
583 1120 757 1155 collocutus,
781 1120 891 1150 deinde
910 1122 1037 1159 epistola
1059 1123 1125 1160 ipsa
1149 1123 1284 1160 recitata,
1307 1135 1361 1163 pro

131 1162 213 1195 vera,
230 1162 289 1198 qua
305 1161 385 1190 inter
398 1171 429 1190 se
447 1163 617 1197 utebantur,
638 1161 842 1191 familiaritate
857 1164 967 1201 saepius
977 1166 1095 1202 Jocatus
1111 1171 1184 1200 erat,
1207 1166 1238 1195 in
1254 1167 1360 1205 primis

130 1203 168 1232 de
184 1203 262 1232 salsa
279 1203 445 1232 Stoicorum
467 1203 616 1239 irrisione,
638 1205 698 1242 qufi
722 1209 818 1233 totum
843 1205 951 1234 horum
971 1207 1146 1245 disputandi
1169 1218 1265 1245 genus
1286 1210 1359 1240 dum

129 1244 224 1274 facete
236 1245 373 1275 imitatur
385 1246 471 1275 ludit.
481 1261 523 1266 —
533 1246 649 1284 Scripta
661 1246 781 1275 videtur
791 1247 963 1278 Weicherto
978 1257 1008 1278 Δ.
1021 1257 1052 1278 U.
1063 1257 1090 1278 c.
1106 1249 1178 1285 737,
1190 1246 1359 1282 Kirchrfero

130 1295 162 1316 A.
175 1295 206 1317 u.
219 1295 247 1317 c.
263 1288 335 1322 739.

175 1330 263 1359 1-3.
289 1327 426 1369 [Prima]
446 1331 547 1368 ‘cujus
563 1331 667 1360 laudes
684 1335 716 1360 ut
730 1331 879 1369 prioribus
887 1333 953 1371 jam
969 1333 1043 1362 meis
1059 1334 1242 1363 carminibus
1257 1335 1359 1373 lyricis

129 1372 300 1410 praedicavi,
324 1373 367 1402 ita
386 1373 415 1401 in
436 1380 599 1411 posterum,
623 1374 696 1402 dum
721 1383 860 1403 concessa
880 1375 955 1403 mihi
979 1376 1037 1404 erit
1052 1376 1122 1411 vita,
1141 1386 1261 1415 semper
1279 1387 1360 1416 prae.

130 1415 255 1444 dicabo.’
302 1415 357 1444 Est
383 1415 465 1444 velut
490 1416 686 1453 proverbialis
707 1415 1110 1457 formula—[Spectatum]
1143 1418 1277 1448 Verbum
1301 1419 1358 1450 hoc

130 1463 175 1486 est
189 1457 344 1496 proprium
360 1458 397 1486 de
417 1457 635 1494 gladiatoribus
657 1467 735 1496 saepe
751 1458 912 1488 victoribus
927 1465 1017 1497 atque
1032 1470 1050 1489 a
1064 1462 1175 1499 populo
1189 1462 1358 1500 celebratis,

129 1501 202 1528 nota
219 1501 272 1529 sP.
289 1509 465 1538 expressum
482 1500 512 1528 in
530 1500 659 1536 tesseris,
684 1510 751 1538 quae
772 1501 880 1530 talibus
899 1501 1021 1530 honoris
1040 1503 1129 1531 causa
1144 1504 1302 1533 dabantur.
1314 1517 1357 1526 —

131 1539 238 1581 [rude]
261 1542 452 1571 Gladiatores
465 1543 635 1580 postulante
647 1543 759 1580 populo
773 1543 803 1571 in
816 1543 1038 1581 amphitheatro
1054 1554 1072 1573 a
1087 1545 1227 1575 ludorum
1239 1546 1357 1576 editore

126 1584 316 1622 accipiebant
337 1586 438 1614 rudem
461 1582 494 1622 (a
517 1585 571 1613 rod
593 1594 627 1613 or
643 1583 719 1623 soil)
743 1584 773 1613 in
797 1585 916 1622 signum
941 1587 1203 1623 exauctorationis,
1225 1588 1250 1617 si
1270 1588 1356 1618 liberi

127 1632 224 1660 erant,
247 1627 272 1655 si
296 1626 384 1662 servi,
409 1626 560 1655 missionis
583 1626 655 1655 artis
678 1627 874 1664 gladiatoriae,
901 1630 1143 1667 vocabanturque
1165 1631 1358 1660 rudiarii.—

129 1666 231 1708 [ludo]
256 1669 462 1706 ‘gladiatori0,
486 1668 536 1697 ubi
553 1669 636 1706 quasi
653 1669 786 1698 inclusus
802 1670 832 1698 in
849 1671 924 1699 cella
940 1672 995 1699 sub
1011 1671 1121 1700 lanista
1136 1673 1232 1701 vivam
1249 1673 1355 1711 hujus-

127 1720 186 1748 que
201 1711 347 1740 arbitratu
363 1711 394 1739 in
411 1720 533 1739 arenam
549 1711 751 1740 descendam!
787 1711 859 1741 Sine
876 1712 1023 1750 imagine:
1049 1716 1057 1729 ‘
1072 1714 1166 1743 Miror
1181 1721 1209 1744 te
1224 1715 1356 1746 aliumve

127 1754 228 1782 denuo
247 1754 382 1782 carmina
396 1763 414 1782 a
429 1763 477 1782 me
497 1754 658 1791 postulare,
685 1763 778 1791 quum
796 1756 862 1792 jam
882 1760 912 1783 et
933 1755 1034 1784 senior
1048 1756 1142 1786 sactus
1158 1757 1224 1792 sim,
1240 1762 1270 1786 et
1285 1763 1356 1788 ante

127 1795 229 1824 omnia
244 1796 338 1824 otium
355 1805 498 1833 quaeram,
510 1795 540 1824 in
558 1805 617 1833 quo
634 1796 721 1825 unice
736 1796 892 1834 sapientiae
905 1807 1025 1832 vacem3
1041 1805 1188 1836 praeterea
1199 1799 1356 1837 poematis,

127 1847 195 1875 quae
217 1837 308 1874 edidi,
327 1838 417 1876 justis
440 1838 631 1876 popularium
654 1848 792 1867 meorum
816 1839 972 1877 postulatis
991 1841 1055 1878 jam
1077 1841 1255 1871 satisfecisse
1279 1841 1355 1872 mihi

125 1880 249 1909 videor.’
296 1881 331 1909 In
348 1880 451 1918 primis
465 1886 566 1908 autem
582 1881 762 1910 abhorrebat
780 1890 798 1910 a
821 1879 1004 1911 carminibus
1027 1883 1227 1922 panegyricis,
1252 1885 1373 1922 qualia.

125 1922 252 1951 fortasse
265 1924 304 1952 ab
319 1932 354 1951 eo
369 1923 630 1960 exspectabantur.

169 1965 197 1998 4,
213 1966 241 1994 5.
267 1963 376 2004 [mens]
401 1968 407 1980 ‘
419 1965 556 1994 voluntas
571 1965 777 2003 studiumque,
799 1964 936 2006 γνώμη.’
947 1982 990 1988 -
1003 1965 1179 2007 [Veianius]
1204 1969 1224 1984 ‘⁸
1238 1968 1353 1998 Nobilis

125 2005 284 2044 gladiator,
314 2014 381 2045 post
409 2008 518 2036 multas
551 2007 666 2045 palmas
703 2008 883 2037 consecratis
915 2009 1038 2038 Herculi
1074 2009 1222 2039 Fundano
1256 2009 1353 2050 (apud

127 2049 251 2078 Fundos
266 2049 297 2078 in
316 2050 402 2078 Latio
419 2049 516 2078 culto:
543 2050 633 2078 lnscr.
650 2059 689 2079 m.
707 2049 772 2078 Lat.
787 2059 827 2078 m.
844 2050 952 2088 1539.)
967 2051 1066 2087 armis,
1083 2053 1204 2081 tandem
1221 2052 1252 2081 in
1268 2054 1352 2090 agel-

125 2091 188 2120 lum
219 2101 250 2120 se
279 2091 437 2121 contulit.'’
481 2092 681 2131 Porphyr.—
697 2089 787 2131 [latet
809 2091 944 2132 abditus]
977 2095 1132 2123 Summam
1156 2094 1351 2124 solitudinem

124 2133 285 2171 significat,
299 2135 329 2162 in
347 2143 437 2172 quam
453 2133 503 2162 ille
518 2139 672 2163 caussatus
692 2134 817 2172 aliquid,
835 2135 916 2165 velut
938 2135 1010 2173 suga
1033 2137 1120 2174 capti
1140 2145 1171 2165 se
1192 2135 1351 2167 abdiderit.

126 2176 271 2205 Similiter
286 2177 402 2212 Cicero,
420 2178 526 2206 Aecus.
542 2177 571 2211 2,
589 2176 639 2213 73,
655 2178 750 2206 omnia
766 2178 810 2206 ita
824 2179 942 2207 condita
953 2176 1051 2216 fuisse
1064 2182 1151 2218 atque
1166 2179 1210 2208 ila
1225 2180 1350 2210 abdite

126 2218 293 2247 latuisse.
487 2246 490 2249 .
533 2242 552 2264 ⁶

167 2259 195 2291 6.
221 2259 447 2300 [Ne—toties]
472 2261 535 2291 ‘Ut
560 2266 653 2291 totam
683 2270 747 2291 rem
780 2262 873 2291 semel
900 2262 1046 2301 transigat
1074 2271 1130 2292 nec
1157 2262 1283 2293 fortasse
1311 2263 1350 2294 de
