1390 2586
382 116 647 148 sA'riuARUM
678 115 767 143 ΜΒ.
790 116 841 143 11.
862 104 902 143 4.
1212 102 1268 142 39

19 223 199 268 Stultum
219 236 285 264 me
304 221 434 263 fateor
459 219 598 275 (liceat
619 217 842 260 concedere
866 215 990 270 veris)

18 284 160 338 Atque
181 280 304 322 etiam
324 279 536 327 insanum3
569 284 727 318 tantum
749 275 826 316 hoc
847 273 1038 324 edissere,
1061 287 1143 328 quo
1163 287 1230 314 me

17 338 78 382 ΖΕ
129 346 240 380 otare
261 346 379 393 putes
399 335 525 376 animi
547 333 681 376 vitio?
742 332 924 388 Accipe:
957 331 1134 387 primum
1184 333 1268 372 *235

17 396 78 441 ,ΖΕ
108 395 231 445 ificas,
253 394 330 436 hoc
351 402 425 443 est,
449 393 593 448 longos
615 391 796 439 imitaris,
818 390 869 431 ab
891 389 974 430 imo

18 454 87 499 Ad
107 467 310 495 summum
334 459 442 493 totus
464 449 617 490 moduli
640 447 860 504 bipedalis3
893 454 935 488 et
955 446 1064 487 idem

19 510 202 568 Corpore
222 510 418 565 majorem
440 507 547 548 rides
569 506 778 548 Turbonis
799 505 840 546 in
861 505 984 546 armis

19 568 218 626 Spiritum
241 576 283 609 et
303 567 506 608 incessum
524 580 532 605 :
566 564 638 619 qui
660 563 853 605 ridiculus
874 561 1008 604 minus
1028 561 1130 603 illo?
1184 564 1268 603 239

18 628 88 669 An
110 625 385 682 quodcunque
409 623 508 664 facit
531 622 752 669 Maecenas,
779 629 820 662 te
842 635 1006 676 quoque
1029 634 1171 661 verum
1193 629 1267 669 est,

18 682 157 727 Tanto
177 682 427 731 dissimilem,
451 688 493 722 et
514 688 626 721 tanto
647 687 802 720 certare
825 677 1055 719 minorem?

20 741 218 797 Absentis
237 755 347 782 ranae
368 738 488 795 pullis
510 737 627 779 vituli
649 736 753 793 pede
775 735 936 792 pressis,

22 798 144 842 Unus
166 798 234 840 ubi
256 797 413 854 effugit,
437 795 555 837 matri
576 795 777 843 denarrat,
803 802 847 835 ut
868 793 1014 850 ingens

18 855 169 908 Bellua
189 863 384 912 cognatos
405 852 580 895 eliserit:
612 852 682 893 illa
702 867 860 908 rogare,
1186 852 1272 890 244

18 910 278 964 Quantam?
307 927 406 953 num
429 920 600 959 tantum,
623 909 787 951 sufflans
808 924 865 958 se,
889 923 1038 965 magna
1059 906 1233 950 fuisset?

18 968 161 1029 Major
181 970 360 1012 dimidio.
425 968 535 1010 Num
559 966 706 1009 tanto?
766 967 909 1016 Quum
931 965 1062 1022 magis
1082 961 1208 1022 atdhe

24 1029 80 1072 Se
101 1028 230 1085 magis
249 1028 437 1075 inflaret3
463 1041 559 1075 non,
582 1025 616 1066 si
638 1035 678 1066 te
699 1025 870 1080 ruperis,
895 1025 1042 1080 inquit,

22 1084 105 1134 Par
125 1087 216 1128 eris.
277 1085 382 1127 Haec
402 1099 425 1125 a
446 1093 486 1125 te
507 1099 588 1124 non
611 1083 784 1124 multum
806 1081 964 1123 abludit
984 1082 1134 1136 imago.

22 1144 143 1187 Adde
164 1151 352 1200 poemata
372 1157 482 1183 nunc
505 1141 600 1194 (hoc
621 1148 695 1190 est,
719 1140 854 1182 oleum
876 1139 979 1180 adde
1001 1139 1180 1193 caminO)
1199 1154 1208 1187 ;

23 1201 132 1252 Quae
152 1202 185 1243 si
206 1201 298 1257 quis
317 1215 438 1242 sanus
459 1199 569 1248 fecit,
593 1213 714 1240 sanus
736 1198 834 1239 facis
856 1206 896 1239 et
918 1206 974 1238 tu.
1187 1199 1271 1238 250

23 1258 119 1303 Non
141 1259 232 1300 dico
252 1257 491 1300 horrendam
515 1256 680 1298 rabiem.
740 1255 832 1296 Jam
855 1255 1010 1296 desine.
1072 1253 1245 1296 Cultum

23 1316 229 1373 Majorem
251 1331 389 1357 censu.
450 1314 628 1363 Teneas,
654 1313 922 1368 Damasippe,
947 1313 1026 1355 tuis
1048 1320 1101 1355 te.

25 1374 67 1418 Ο
87 1375 214 1431 major
235 1373 398 1416 tandem
419 1387 571 1429 parcas,
594 1372 750 1421 insane,
772 1370 934 1413 minori.

516 1535 769 1549 —qssss

519 1676 613 1704 SATI
622 1675 679 1703 ΗΑ
712 1675 769 1704 IV.

27 1774 167 1826 Unde,
189 1783 231 1818 et
251 1791 332 1833 quo
356 1774 683 1818 CatiuSP——Non
706 1782 769 1816 est
789 1773 888 1815 mihi
911 1782 1072 1830 tempus
1093 1775 1232 1817 aventi

27 1833 190 1876 Ponere
210 1834 328 1891 signa
347 1833 462 1875 novis
483 1833 710 1889 praeceptis,
735 1831 870 1887 qualia
891 1832 1057 1874 vincant

26 1890 306 1948 Pythagoran,
331 1891 546 1947 Anytique
568 1905 695 1939 reum,
718 1890 967 1945 doctumque
992 1890 1178 1932 Platona.

26 1946 248 1993 Peccatum
271 1949 413 1998 fateor,
436 1963 562 2004 quum
583 1957 623 1990 te
644 1947 702 1989 sic
723 1955 907 2002 tempore
929 1947 1031 1990 laevo

26 2002 354 2062 Interpellarim:
386 2006 456 2047 sed
477 2005 548 2047 des
568 2005 729 2046 veniam
753 2005 896 2055 bonus,
919 2020 1002 2046 oro.
1249 2009 1274 2047 5

26 2061 153 2114 Quod
173 2065 207 2106 si
226 2063 481 2105 interciderit
501 2063 574 2105 tibi
596 2078 705 2104 nunc
725 2063 892 2118 aliquid,
917 2071 1080 2119 repetes
1100 2078 1220 2114 mox3

24 2117 125 2175 ffive
147 2131 209 2164 est
229 2126 383 2164 naturae
405 2121 480 2162 hoc
501 2120 586 2162 sive
607 2121 716 2170 artis,
739 2121 866 2162 mirus
890 2130 1075 2176 utroque.

25 2177 140 2229 vQuin
162 2179 203 2220 id
225 2187 312 2221 erat
331 2193 450 2228 curae,
475 2193 556 2234 quo
575 2186 693 2232 pacto
716 2187 862 2219 cuncta
883 2188 1080 2228 tenerem,

73 2244 186 2293 tpote
208 2252 272 2279 res
292 2245 450 2286 tenues,
474 2235 589 2277 tenui
611 2250 797 2276 sermone
819 2245 1015 2291 peractas.

20 2231 118 2402 {de
138 2293 314 2336 hominis
334 2309 497 2343 nomen,
513 2292 633 2334 simul
654 2301 708 2342 et,
733 2292 945 2334 Romanus
965 2308 1017 2334 an
1039 2292 1198 2350 hospes.
1224 2297 1275 2335 10

22 2364 27 2383 ¹
51 2364 124 2409 psa
142 2366 298 2394 memor
318 2361 522 2409 praecepta
541 2365 685 2393 canam
696 2366 707 2400 ;
739 2350 936 2392 celabitur
955 2359 1106 2394 auctor.
