1390 2586
422 449 455 500 S
483 449 531 500 A
561 448 607 498 T
637 447 663 498 Ι
691 448 744 499 R
769 447 819 499 A
847 447 899 498 R
924 447 975 498 U
1003 447 1065 498 M

495 569 657 606 LIBER
687 569 978 606 SECUNDUS.

630 729 853 736 ——--

634 867 726 894 SATI
734 867 791 893 RA
821 867 849 892 1.

134 942 268 991 SUNT,
292 942 436 997 quibus
456 943 496 982 in
523 942 651 982 Satira
674 941 809 981 videor
829 939 947 980 nimis
966 954 1068 988 acer,
1092 948 1133 979 et
1152 938 1254 980 ultra

132 997 286 1053 Legem
309 999 471 1039 tendere
493 1014 613 1053 opus:
646 999 731 1038 sine
753 997 884 1037 nervis
903 996 1038 1044 altera,
1060 995 1255 1050 quidquid

133 1054 364 1109 Composui‚
388 1070 475 1110 pars
497 1069 581 1095 esse
602 1062 738 1109 putat3
775 1053 1005 1106 similesque
1026 1066 1205 1092 meorum

132 1110 252 1150 Mille
273 1111 336 1150 die
358 1126 493 1151 versus
514 1110 654 1151 deduci
675 1124 802 1165 posse.
863 1108 1043 1157 Trebati,

133 1165 244 1213 Quid
292 1167 445 1216 faciam,
496 1166 719 1222 praescribe.
798 1165 1006 1214 Quiescas.
1078 1163 1144 1204 Ne
1192 1163 1345 1211 faciam,

242 1223 387 1277 inquis,
1321 1222 1347 1259 5

133 1279 311 1319 Omnino
332 1279 497 1320 versus?
556 1278 649 1320 Aio.
711 1278 878 1318 Peream
899 1277 1014 1326 male,
1036 1276 1069 1317 si
1089 1289 1170 1316 non

133 1335 344 1388 Optimum
366 1343 471 1382 erat3
503 1350 639 1375 verum
662 1349 820 1388 nequeo
840 1333 1022 1374 dormire.
1081 1331 1166 1372 Ter
1185 1331 1294 1372 uncti

134 1391 389 1432 Transnanto
410 1391 606 1440 Tiberim,
628 1406 767 1431 somno
787 1389 932 1444 quibus
952 1397 1012 1429 est
1031 1403 1131 1443 opus
1150 1387 1243 1438 alto,

134 1446 417 1502 Irriguumque
439 1462 548 1488 mero
567 1447 641 1487 sub
662 1454 817 1487 noctem
839 1459 981 1500 corpus
1000 1444 1186 1485 habento.

134 1506 232 1552 Aut,
255 1504 287 1543 si
308 1512 441 1545 tantus
460 1518 569 1544 amor
588 1502 787 1544 scribendi
808 1509 847 1542 te
867 1502 982 1556 rapit,
1004 1500 1106 1541 aude
1299 1502 1348 1540 10

136 1560 304 1600 Caesaris
325 1560 462 1600 invicti
483 1574 545 1600 res
565 1559 710 1608 dicere,
733 1558 858 1598 multa
878 1558 1055 1598 laborum

137 1615 307 1657 Praemia
327 1617 489 1657 laturus.
550 1615 767 1670 Cupidum,
793 1622 906 1669 pater
925 1613 1088 1668 optime,
1109 1611 1214 1653 vires

136 1671 370 1712 Deficiunt:
403 1687 534 1727 neque
556 1672 663 1711 enim
684 1671 814 1725 quivis
834 1669 1036 1710 horrentia
1054 1667 1145 1724 pilis

136 1728 326 1782 Agmina,
350 1743 424 1768 nec
443 1729 570 1770 fracta
589 1735 803 1782 pereuntes
823 1726 986 1780 cuspide
1009 1724 1162 1773 Gallos,

138 1785 223 1824 Aut
243 1784 412 1825 labentis
433 1799 536 1839 equo
556 1783 743 1824 describit
763 1782 928 1822 vulnera
950 1780 1099 1822 Parthi.
1300 1781 1351 1820 15

138 1841 329 1880 Attamen
351 1849 391 1882 et
406 1842 560 1896 justum
581 1847 738 1894 poteras
759 1847 799 1879 et
818 1839 990 1879 scribere
1010 1838 1152 1878 fortem
1169 1851 1179 1876 ε

142 1897 366 1951 Scipiadam
389 1906 433 1937 ut
452 1897 609 1951 sapiens
631 1895 824 1936 Lucilius.
884 1893 1006 1935 Haud
1027 1893 1125 1934 mihi
1143 1892 1276 1940 deero,

139 1951 277 2000 Quum
299 1967 362 1994 res
382 1954 466 2008 ipsa
486 1954 598 1993 feret.
658 1951 748 1992 Nisi
768 1951 909 1991 dextro
929 1957 1108 2005 tempore
1130 1947 1263 1989 Flacci

139 2008 273 2050 Verba
292 2024 364 2064 per
382 2017 575 2050 attentam
595 2023 675 2048 non
695 2007 812 2048 ibunt
833 2006 1002 2048 Caesaris
1019 2020 1156 2046 aurem
1168 2020 1179 2054 3

139 2065 217 2104 Cui
238 2066 339 2106 male
360 2067 391 2106 si
414 2066 587 2120 palpere,
611 2064 832 2104 recalcitrat
847 2063 858 2082 ¹
882 2062 1058 2117 undique
1079 2068 1198 2102 tutus.
1297 2062 1351 2101 20

139 2120 303 2168 Quanto
324 2122 469 2162 rectius
491 2121 575 2170 hoc,
598 2135 716 2175 quam
738 2119 840 2160 tristi
861 2119 1004 2160 laedere
1024 2132 1142 2159 versu

138 2176 401 2219 Pantolabum
423 2192 610 2226 scurram,
635 2175 1014 2230 Nomentanumque
1035 2180 1222 2229 nepotem
1240 2173 1250 2213 !

600 2281 613 2304 ¹
634 2281 692 2314 Al.
706 2281 896 2313 recalcitret.
