<?xml version="1.0" encoding="UTF-8"?>
<!DOCTYPE html PUBLIC "-//W3C//DTD XHTML 1.0 Transitional//EN"
    "http://www.w3.org/TR/xhtml1/DTD/xhtml1-transitional.dtd">
<html xmlns="http://www.w3.org/1999/xhtml" xml:lang="en" lang="en">
 <head>
  <title>
</title>
<meta http-equiv="Content-Type" content="text/html;charset=utf-8" />
  <meta name='ocr-system' content='tesseract 3.04.00' />
  <meta name='ocr-capabilities' content='ocr_page ocr_carea ocr_par ocr_line ocrx_word'/>
</head>
<body>
  <div class='ocr_page' id='page_1' title='image "./eclogaehoratiana02horauoft_0217.png"; bbox 0 0 1390 2586; ppageno 0'>
   <div class='ocr_carea' id='block_1_1' title="bbox 41 38 1285 103">
    <p class='ocr_par' dir='ltr' id='par_1_1' title="bbox 41 38 1285 103">
     <span class='ocr_line' id='line_1_1' title="bbox 41 38 1285 103; baseline -0.01 -8"><span class='ocrx_word' id='word_1_1' title='bbox 41 38 108 102; x_wconf 53' lang='grc' dir='ltr'>ὦ.</span> <span class='ocrx_word' id='word_1_2' title='bbox 121 69 147 94; x_wconf 79' lang='grc' dir='ltr'>ι.</span> <span class='ocrx_word' id='word_1_3' title='bbox 161 59 210 103; x_wconf 78' lang='grc'>7.]</span> <span class='ocrx_word' id='word_1_4' title='bbox 467 58 840 90; x_wconf 69' lang='grc' dir='ltr'><strong>ιΝΤΕΒΡκΕΤΑΤιο.</strong></span> <span class='ocrx_word' id='word_1_5' title='bbox 1199 55 1285 98; x_wconf 71' lang='lat'>209</span> 
     </span>
    </p>
   </div>
   <div class='ocr_carea' id='block_1_2' title="bbox 0 157 1284 1932">
    <p class='ocr_par' dir='ltr' id='par_1_2' title="bbox 27 157 1284 290">
     <span class='ocr_line' id='line_1_2' title="bbox 31 157 1284 203; baseline -0.005 -11"><span class='ocrx_word' id='word_1_6' title='bbox 31 162 217 195; x_wconf 64' lang='lat' dir='ltr'>cidnum—</span> <span class='ocrx_word' id='word_1_7' title='bbox 228 157 411 203; x_wconf 68' lang='lat' dir='ltr'>[Adranam]</span> <span class='ocrx_word' id='word_1_8' title='bbox 432 157 663 199; x_wconf 75' lang='lat' dir='ltr'>‘praetonst1m.’</span> <span class='ocrx_word' id='word_1_9' title='bbox 685 159 790 196; x_wconf 65' lang='lat' dir='ltr'>Schol„</span> <span class='ocrx_word' id='word_1_10' title='bbox 811 167 918 188; x_wconf 88' lang='lat' dir='ltr'>recens</span> <span class='ocrx_word' id='word_1_11' title='bbox 937 167 1052 195; x_wconf 86' lang='lat' dir='ltr'>rasum,</span> <span class='ocrx_word' id='word_1_12' title='bbox 1075 162 1115 193; x_wconf 88' lang='lat' dir='ltr'>et,</span> <span class='ocrx_word' id='word_1_13' title='bbox 1140 157 1222 196; x_wconf 85' lang='lat' dir='ltr'>quod</span> <span class='ocrx_word' id='word_1_14' title='bbox 1243 157 1284 187; x_wconf 83' lang='lat' dir='ltr'>ad</span> 
     </span>
     <span class='ocr_line' id='line_1_3' title="bbox 41 200 1283 251; baseline -0.006 -14"><span class='ocrx_word' id='word_1_15' title='bbox 41 205 166 251; x_wconf 55' lang='lat' dir='ltr'>”juh-</span> <span class='ocrx_word' id='word_1_16' title='bbox 191 205 347 240; x_wconf 69' lang='lat' dir='ltr'>attiuelnt,</span> <span class='ocrx_word' id='word_1_17' title='bbox 376 207 546 238; x_wconf 66' lang='lat' dir='ltr'>attonsum5</span> <span class='ocrx_word' id='word_1_18' title='bbox 579 203 617 233; x_wconf 89' lang='lat' dir='ltr'>de</span> <span class='ocrx_word' id='word_1_19' title='bbox 639 204 734 233; x_wconf 69' lang='lat' dir='ltr'>barba</span> <span class='ocrx_word' id='word_1_20' title='bbox 763 201 845 232; x_wconf 91' lang='lat' dir='ltr'>enim</span> <span class='ocrx_word' id='word_1_21' title='bbox 875 207 906 231; x_wconf 86' lang='lat' dir='ltr'>et</span> <span class='ocrx_word' id='word_1_22' title='bbox 928 201 966 231; x_wconf 87' lang='lat' dir='ltr'>de</span> <span class='ocrx_word' id='word_1_23' title='bbox 992 200 1138 240; x_wconf 86' lang='lat' dir='ltr'>capillitio</span> <span class='ocrx_word' id='word_1_24' title='bbox 1167 200 1283 230; x_wconf 86' lang='lat' dir='ltr'>intelli-</span> 
     </span>
     <span class='ocr_line' id='line_1_4' title="bbox 27 243 1283 290; baseline -0.005 -11"><span class='ocrx_word' id='word_1_25' title='bbox 27 249 176 290; x_wconf 52' lang='grc' dir='ltr'>,φῆναι</span> <span class='ocrx_word' id='word_1_26' title='bbox 202 253 287 289; x_wconf 81' lang='lat' dir='ltr'>puto,</span> <span class='ocrx_word' id='word_1_27' title='bbox 309 257 348 278; x_wconf 82' lang='lat' dir='ltr'>ex</span> <span class='ocrx_word' id='word_1_28' title='bbox 371 256 432 286; x_wconf 91' lang='lat' dir='ltr'>quo</span> <span class='ocrx_word' id='word_1_29' title='bbox 454 246 646 285; x_wconf 85' lang='lat' dir='ltr'>aliquantum</span> <span class='ocrx_word' id='word_1_30' title='bbox 668 251 787 276; x_wconf 89' lang='lat' dir='ltr'>curtato</span> <span class='ocrx_word' id='word_1_31' title='bbox 810 245 912 275; x_wconf 82' lang='lat' dir='ltr'>statim</span> <span class='ocrx_word' id='word_1_32' title='bbox 936 245 1139 284; x_wconf 75' lang='lat' dir='ltr'>perspiciebat</span> <span class='ocrx_word' id='word_1_33' title='bbox 1162 243 1283 282; x_wconf 87' lang='lat' dir='ltr'>Philip-</span> 
     </span>
    </p>

    <p class='ocr_par' dir='ltr' id='par_1_3' title="bbox 13 287 1283 801">
     <span class='ocr_line' id='line_1_5' title="bbox 110 287 1283 328; baseline -0.007 -4"><span class='ocrx_word' id='word_1_34' title='bbox 110 292 305 325; x_wconf 68' lang='lat' dir='ltr'>adventorem</span> <span class='ocrx_word' id='word_1_35' title='bbox 326 299 403 326; x_wconf 81' lang='lat' dir='ltr'>esse,</span> <span class='ocrx_word' id='word_1_36' title='bbox 426 299 488 319; x_wconf 91' lang='lat' dir='ltr'>non</span> <span class='ocrx_word' id='word_1_37' title='bbox 511 295 665 319; x_wconf 79' lang='lat' dir='ltr'><strong>tonsorem</strong></span> <span class='ocrx_word' id='word_1_38' title='bbox 688 289 801 328; x_wconf 92' lang='lat' dir='ltr'>ipsum,</span> <span class='ocrx_word' id='word_1_39' title='bbox 821 298 913 328; x_wconf 89' lang='lat' dir='ltr'>quem</span> <span class='ocrx_word' id='word_1_40' title='bbox 935 288 1049 327; x_wconf 88' lang='lat' dir='ltr'>alloqui</span> <span class='ocrx_word' id='word_1_41' title='bbox 1071 287 1215 326; x_wconf 86' lang='lat' dir='ltr'>dignatus</span> <span class='ocrx_word' id='word_1_42' title='bbox 1230 287 1283 316; x_wconf 86' lang='lat' dir='ltr'>vix</span> 
     </span>
     <span class='ocr_line' id='line_1_6' title="bbox 41 327 1282 372; baseline -0.006 -4"><span class='ocrx_word' id='word_1_43' title='bbox 41 339 129 369; x_wconf 50' lang='grc' dir='ltr'>*Ἧι</span> <span class='ocrx_word' id='word_1_44' title='bbox 170 334 250 366; x_wconf 72' lang='lat' dir='ltr'>Petr-</span> <span class='ocrx_word' id='word_1_45' title='bbox 277 333 330 369; x_wconf 80' lang='lat'>32,</span> <span class='ocrx_word' id='word_1_46' title='bbox 363 333 543 364; x_wconf 76' lang='lat' dir='ltr'><strong><em>Trimalchio</em></strong></span> <span class='ocrx_word' id='word_1_47' title='bbox 571 333 663 371; x_wconf 83' lang='lat' dir='ltr'>pallio</span> <span class='ocrx_word' id='word_1_48' title='bbox 692 334 824 363; x_wconf 82' lang='lat' dir='ltr'>coccineo</span> <span class='ocrx_word' id='word_1_49' title='bbox 853 333 993 362; x_wconf 72' lang='lat' dir='ltr'>adrasum</span> <span class='ocrx_word' id='word_1_50' title='bbox 1017 329 1138 372; x_wconf 87' lang='lat' dir='ltr'>(recens</span> <span class='ocrx_word' id='word_1_51' title='bbox 1161 327 1282 370; x_wconf 87' lang='lat' dir='ltr'>rasum)</span> 
     </span>
     <span class='ocr_line' id='line_1_7' title="bbox 38 373 1282 417; baseline -0.005 -7"><span class='ocrx_word' id='word_1_52' title='bbox 38 375 205 414; x_wconf 58' lang='lat' dir='ltr'>add-cerat</span> <span class='ocrx_word' id='word_1_53' title='bbox 224 381 320 417; x_wconf 78' lang='lat' dir='ltr'>eaput.</span> <span class='ocrx_word' id='word_1_54' title='bbox 336 392 379 398; x_wconf 94' lang='lat'><strong>—</strong></span> <span class='ocrx_word' id='word_1_55' title='bbox 395 374 524 417; x_wconf 69' lang='lat' dir='ltr'>[vacua]</span> <span class='ocrx_word' id='word_1_56' title='bbox 551 376 648 415; x_wconf 85' lang='lat' dir='ltr'>Finge</span> <span class='ocrx_word' id='word_1_57' title='bbox 674 376 728 406; x_wconf 86' lang='lat' dir='ltr'>tibi</span> <span class='ocrx_word' id='word_1_58' title='bbox 754 375 935 406; x_wconf 84' lang='lat' dir='ltr'>tonstrinam</span> <span class='ocrx_word' id='word_1_59' title='bbox 957 375 1132 404; x_wconf 82' lang='lat' dir='ltr'>Romanam</span> <span class='ocrx_word' id='word_1_60' title='bbox 1148 383 1166 403; x_wconf 85' lang='lat' dir='ltr'>a</span> <span class='ocrx_word' id='word_1_61' title='bbox 1181 373 1282 404; x_wconf 85' lang='lat' dir='ltr'>fronte</span> 
     </span>
     <span class='ocr_line' id='line_1_8' title="bbox 38 417 1282 462; baseline -0.005 -10"><span class='ocrx_word' id='word_1_62' title='bbox 38 423 159 462; x_wconf 64' lang='lat' dir='ltr'>pinna</span> <span class='ocrx_word' id='word_1_63' title='bbox 170 426 319 461; x_wconf 70' lang='lat' dir='ltr'>apertam,</span> <span class='ocrx_word' id='word_1_64' title='bbox 334 429 465 459; x_wconf 81' lang='lat' dir='ltr'>superne</span> <span class='ocrx_word' id='word_1_65' title='bbox 481 425 512 450; x_wconf 87' lang='lat' dir='ltr'>et</span> <span class='ocrx_word' id='word_1_66' title='bbox 526 429 545 449; x_wconf 86' lang='lat' dir='ltr'>a</span> <span class='ocrx_word' id='word_1_67' title='bbox 559 419 677 458; x_wconf 73' lang='lat' dir='ltr'>postica</span> <span class='ocrx_word' id='word_1_68' title='bbox 692 425 778 459; x_wconf 84' lang='lat' dir='ltr'>parte</span> <span class='ocrx_word' id='word_1_69' title='bbox 794 425 886 458; x_wconf 88' lang='lat' dir='ltr'>atque</span> <span class='ocrx_word' id='word_1_70' title='bbox 903 429 921 448; x_wconf 91' lang='lat' dir='ltr'>a</span> <span class='ocrx_word' id='word_1_71' title='bbox 937 419 1083 448; x_wconf 84' lang='lat' dir='ltr'>lateribus</span> <span class='ocrx_word' id='word_1_72' title='bbox 1098 417 1282 448; x_wconf 82' lang='lat' dir='ltr'>centonibus</span> 
     </span>
     <span class='ocr_line' id='line_1_9' title="bbox 23 460 1283 504; baseline -0.004 -10"><span class='ocrx_word' id='word_1_73' title='bbox 23 463 223 504; x_wconf 50' lang='grc' dir='ltr'>παιδικῶς</span> <span class='ocrx_word' id='word_1_74' title='bbox 245 464 390 494; x_wconf 81' lang='lat' dir='ltr'>adversus</span> <span class='ocrx_word' id='word_1_75' title='bbox 414 463 510 493; x_wconf 87' lang='lat' dir='ltr'>solem</span> <span class='ocrx_word' id='word_1_76' title='bbox 535 468 656 492; x_wconf 88' lang='lat' dir='ltr'>tectam.</span> <span class='ocrx_word' id='word_1_77' title='bbox 706 463 808 492; x_wconf 83' lang='lat' dir='ltr'>Vacua</span> <span class='ocrx_word' id='word_1_78' title='bbox 823 468 937 499; x_wconf 81' lang='lat' dir='ltr'>autem,</span> <span class='ocrx_word' id='word_1_79' title='bbox 953 462 1025 500; x_wconf 87' lang='lat' dir='ltr'>quia</span> <span class='ocrx_word' id='word_1_80' title='bbox 1042 462 1094 491; x_wconf 75' lang='lat' dir='ltr'>illa</span> <span class='ocrx_word' id='word_1_81' title='bbox 1119 460 1179 490; x_wconf 87' lang='lat' dir='ltr'>diei</span> <span class='ocrx_word' id='word_1_82' title='bbox 1205 460 1283 490; x_wconf 68' lang='lat' dir='ltr'>hora</span> 
     </span>
     <span class='ocr_line' id='line_1_10' title="bbox 24 503 1281 546; baseline -0.004 -7"><span class='ocrx_word' id='word_1_83' title='bbox 24 507 128 542; x_wconf 48' lang='lat' dir='ltr'>&#39;euri&#39;</span> <span class='ocrx_word' id='word_1_84' title='bbox 140 507 320 538; x_wconf 71' lang='lat' dir='ltr'>adventores</span> <span class='ocrx_word' id='word_1_85' title='bbox 334 508 460 536; x_wconf 87' lang='lat' dir='ltr'>barbam</span> <span class='ocrx_word' id='word_1_86' title='bbox 477 511 507 536; x_wconf 90' lang='lat' dir='ltr'>et</span> <span class='ocrx_word' id='word_1_87' title='bbox 519 506 644 546; x_wconf 83' lang='lat' dir='ltr'>capillos</span> <span class='ocrx_word' id='word_1_88' title='bbox 660 506 1024 545; x_wconf 79' lang='lat' dir='ltr'>tondendosjamdudum</span> <span class='ocrx_word' id='word_1_89' title='bbox 1042 510 1185 534; x_wconf 78' lang='lat' dir='ltr'>curarant</span> <span class='ocrx_word' id='word_1_90' title='bbox 1199 515 1206 538; x_wconf 70' lang='grc' dir='ltr'><strong><em>ς</em></strong></span> <span class='ocrx_word' id='word_1_91' title='bbox 1233 503 1281 534; x_wconf 82' lang='lat' dir='ltr'>hic</span> 
     </span>
     <span class='ocr_line' id='line_1_11' title="bbox 21 547 1281 583; baseline -0.003 -2"><span class='ocrx_word' id='word_1_92' title='bbox 21 547 148 583; x_wconf 52' lang='lat' dir='ltr'>affin</span> <span class='ocrx_word' id='word_1_93' title='bbox 169 551 315 580; x_wconf 87' lang='lat' dir='ltr'>nondum.</span> <span class='ocrx_word' id='word_1_94' title='bbox 361 550 397 579; x_wconf 89' lang='lat' dir='ltr'>In</span> <span class='ocrx_word' id='word_1_95' title='bbox 423 549 581 579; x_wconf 84' lang='lat' dir='ltr'>tonstrinis</span> <span class='ocrx_word' id='word_1_96' title='bbox 609 555 712 579; x_wconf 83' lang='lat' dir='ltr'>autem</span> <span class='ocrx_word' id='word_1_97' title='bbox 742 549 850 579; x_wconf 83' lang='lat' dir='ltr'>Romae</span> <span class='ocrx_word' id='word_1_98' title='bbox 879 549 972 578; x_wconf 87' lang='lat' dir='ltr'>etiam</span> <span class='ocrx_word' id='word_1_99' title='bbox 1002 558 1085 578; x_wconf 87' lang='lat' dir='ltr'>nunc</span> <span class='ocrx_word' id='word_1_100' title='bbox 1116 547 1281 577; x_wconf 85' lang='lat' dir='ltr'>convenire</span> 
     </span>
     <span class='ocr_line' id='line_1_12' title="bbox 25 589 1279 632; baseline -0.003 -8"><span class='ocrx_word' id='word_1_101' title='bbox 25 593 132 628; x_wconf 51' lang='lat' dir='ltr'>*ut</span> <span class='ocrx_word' id='word_1_102' title='bbox 151 593 292 624; x_wconf 83' lang='lat' dir='ltr'>homines</span> <span class='ocrx_word' id='word_1_103' title='bbox 318 592 441 632; x_wconf 86' lang='lat' dir='ltr'>plebeii.</span> <span class='ocrx_word' id='word_1_104' title='bbox 479 592 541 623; x_wconf 85' lang='lat' dir='ltr'>Cfr.</span> <span class='ocrx_word' id='word_1_105' title='bbox 564 593 626 622; x_wconf 89' lang='lat' dir='ltr'>Sat.</span> <span class='ocrx_word' id='word_1_106' title='bbox 653 592 682 629; x_wconf 92' lang='lat'>1,</span> <span class='ocrx_word' id='word_1_107' title='bbox 705 591 735 628; x_wconf 88' lang='grc'>7,</span> <span class='ocrx_word' id='word_1_108' title='bbox 760 591 788 622; x_wconf 89' lang='grc'>3.</span> <span class='ocrx_word' id='word_1_109' title='bbox 805 608 848 628; x_wconf 76' lang='grc'>-,-</span> <span class='ocrx_word' id='word_1_110' title='bbox 865 589 1039 632; x_wconf 77' lang='lat' dir='ltr'>[proprios]</span> <span class='ocrx_word' id='word_1_111' title='bbox 1065 591 1186 630; x_wconf 89' lang='lat' dir='ltr'>‘ipsum</span> <span class='ocrx_word' id='word_1_112' title='bbox 1211 590 1279 627; x_wconf 84' lang='lat' dir='ltr'>sibi,</span> 
     </span>
     <span class='ocr_line' id='line_1_13' title="bbox 17 634 1279 676; baseline -0.005 -6"><span class='ocrx_word' id='word_1_113' title='bbox 17 640 100 670; x_wconf 50' lang='grc' dir='ltr'>ἡ*</span> <span class='ocrx_word' id='word_1_114' title='bbox 116 646 171 676; x_wconf 81' lang='lat' dir='ltr'>per</span> <span class='ocrx_word' id='word_1_115' title='bbox 194 637 370 672; x_wconf 86' lang='lat' dir='ltr'>tonsorem,’</span> <span class='ocrx_word' id='word_1_116' title='bbox 395 636 447 675; x_wconf 90' lang='lat' dir='ltr'>qui</span> <span class='ocrx_word' id='word_1_117' title='bbox 474 642 540 666; x_wconf 87' lang='lat' dir='ltr'>tum</span> <span class='ocrx_word' id='word_1_118' title='bbox 566 636 670 674; x_wconf 87' lang='lat' dir='ltr'>aliquo</span> <span class='ocrx_word' id='word_1_119' title='bbox 695 635 794 666; x_wconf 84' lang='lat' dir='ltr'>abisse</span> <span class='ocrx_word' id='word_1_120' title='bbox 822 636 992 665; x_wconf 89' lang='lat' dir='ltr'>censendus</span> <span class='ocrx_word' id='word_1_121' title='bbox 1023 640 1078 669; x_wconf 84' lang='lat' dir='ltr'>est,</span> <span class='ocrx_word' id='word_1_122' title='bbox 1103 634 1185 663; x_wconf 89' lang='lat' dir='ltr'>unde</span> <span class='ocrx_word' id='word_1_123' title='bbox 1215 643 1279 664; x_wconf 86' lang='lat' dir='ltr'>non</span> 
     </span>
     <span class='ocr_line' id='line_1_14' title="bbox 33 671 1280 761; baseline -0.003 -50"><span class='ocrx_word' id='word_1_124' title='bbox 33 671 163 761; x_wconf 42' lang='lat' dir='ltr'>aba</span> <span class='ocrx_word' id='word_1_125' title='bbox 177 690 309 720; x_wconf 87' lang='lat' dir='ltr'>quocum</span> <span class='ocrx_word' id='word_1_126' title='bbox 332 680 588 710; x_wconf 79' lang='lat' dir='ltr'>sermocinaretur</span> <span class='ocrx_word' id='word_1_127' title='bbox 611 679 729 709; x_wconf 85' lang='lat' dir='ltr'>Menas.</span> <span class='ocrx_word' id='word_1_128' title='bbox 763 679 878 709; x_wconf 90' lang='lat' dir='ltr'>Contra</span> <span class='ocrx_word' id='word_1_129' title='bbox 902 679 1001 709; x_wconf 87' lang='lat' dir='ltr'>Plaut.</span> <span class='ocrx_word' id='word_1_130' title='bbox 1023 679 1094 708; x_wconf 81' lang='lat' dir='ltr'>Aul.</span> <span class='ocrx_word' id='word_1_131' title='bbox 1118 678 1150 716; x_wconf 82' lang='lat'>2,</span> <span class='ocrx_word' id='word_1_132' title='bbox 1171 677 1200 713; x_wconf 83' lang='lat'>4,</span> <span class='ocrx_word' id='word_1_133' title='bbox 1225 677 1280 716; x_wconf 87' lang='grc'>33,</span> 
     </span>
     <span class='ocr_line' id='line_1_15' title="bbox 15 719 1278 764; baseline -0.001 -13"><span class='ocrx_word' id='word_1_134' title='bbox 15 727 25 751; x_wconf 74' lang='lat'><em>4</em></span> <span class='ocrx_word' id='word_1_135' title='bbox 44 719 47 722; x_wconf 65' lang='grc'><strong><em>’</em></strong></span> <span class='ocrx_word' id='word_1_136' title='bbox 67 760 73 762; x_wconf 25' lang='lat' dir='ltr'><em>V</em></span> <span class='ocrx_word' id='word_1_137' title='bbox 128 725 188 764; x_wconf 71' lang='lat' dir='ltr'>ipsi</span> <span class='ocrx_word' id='word_1_138' title='bbox 199 724 316 763; x_wconf 81' lang='lat' dir='ltr'>pridem</span> <span class='ocrx_word' id='word_1_139' title='bbox 330 727 428 753; x_wconf 72' lang='lat' dir='ltr'>tonsor</span> <span class='ocrx_word' id='word_1_140' title='bbox 442 732 555 763; x_wconf 74' lang='lat' dir='ltr'>ungues</span> <span class='ocrx_word' id='word_1_141' title='bbox 569 723 746 762; x_wconf 80' lang='lat' dir='ltr'>dempserat.</span> <span class='ocrx_word' id='word_1_142' title='bbox 762 739 805 744; x_wconf 91' lang='lat'>—</span> <span class='ocrx_word' id='word_1_143' title='bbox 821 720 961 763; x_wconf 82' lang='lat' dir='ltr'>[leniter]</span> <span class='ocrx_word' id='word_1_144' title='bbox 986 722 1151 761; x_wconf 88' lang='lat' dir='ltr'>tranquillo</span> <span class='ocrx_word' id='word_1_145' title='bbox 1173 721 1278 751; x_wconf 89' lang='lat' dir='ltr'>auimo</span> 
     </span>
     <span class='ocr_line' id='line_1_16' title="bbox 13 766 442 801; baseline -0.007 -3"><span class='ocrx_word' id='word_1_146' title='bbox 13 766 143 801; x_wconf 48' lang='lat' dir='ltr'>*filine</span> <span class='ocrx_word' id='word_1_147' title='bbox 159 767 224 797; x_wconf 68' lang='lat' dir='ltr'>ulla</span> <span class='ocrx_word' id='word_1_148' title='bbox 239 766 442 796; x_wconf 75' lang='lat' dir='ltr'>festinatione.</span> 
     </span>
    </p>

    <p class='ocr_par' dir='ltr' id='par_1_4' title="bbox 0 807 1278 1499">
     <span class='ocr_line' id='line_1_17' title="bbox 73 807 1277 850; baseline -0.004 -9"><span class='ocrx_word' id='word_1_149' title='bbox 73 810 210 841; x_wconf 78' lang='lat'>52-56.</span> <span class='ocrx_word' id='word_1_150' title='bbox 235 807 403 850; x_wconf 82' lang='lat' dir='ltr'>[Demetri]</span> <span class='ocrx_word' id='word_1_151' title='bbox 431 809 501 839; x_wconf 83' lang='lat' dir='ltr'>Jam</span> <span class='ocrx_word' id='word_1_152' title='bbox 530 808 664 838; x_wconf 84' lang='lat' dir='ltr'>hominis</span> <span class='ocrx_word' id='word_1_153' title='bbox 693 818 765 839; x_wconf 89' lang='lat' dir='ltr'>cum</span> <span class='ocrx_word' id='word_1_154' title='bbox 793 808 918 848; x_wconf 79' lang='lat' dir='ltr'>pigritia</span> <span class='ocrx_word' id='word_1_155' title='bbox 949 809 1083 847; x_wconf 72' lang='lat' dir='ltr'>quadam</span> <span class='ocrx_word' id='word_1_156' title='bbox 1111 808 1167 837; x_wconf 76' lang='lat' dir='ltr'>sua</span> <span class='ocrx_word' id='word_1_157' title='bbox 1195 812 1277 837; x_wconf 85' lang='lat' dir='ltr'>sorte</span> 
     </span>
     <span class='ocr_line' id='line_1_18' title="bbox 13 851 1276 891; baseline -0.003 -7"><span class='ocrx_word' id='word_1_158' title='bbox 13 853 168 884; x_wconf 65' lang='lat' dir='ltr'>‘contenti</span> <span class='ocrx_word' id='word_1_159' title='bbox 183 853 284 883; x_wconf 85' lang='lat' dir='ltr'>vultus</span> <span class='ocrx_word' id='word_1_160' title='bbox 298 852 480 891; x_wconf 83' lang='lat' dir='ltr'>habitusque</span> <span class='ocrx_word' id='word_1_161' title='bbox 503 852 616 883; x_wconf 87' lang='lat' dir='ltr'>excitat</span> <span class='ocrx_word' id='word_1_162' title='bbox 639 852 827 891; x_wconf 86' lang='lat' dir='ltr'>Philippum,</span> <span class='ocrx_word' id='word_1_163' title='bbox 844 854 993 891; x_wconf 88' lang='lat' dir='ltr'>utjocum</span> <span class='ocrx_word' id='word_1_164' title='bbox 1014 851 1071 881; x_wconf 84' lang='lat' dir='ltr'>sibi</span> <span class='ocrx_word' id='word_1_165' title='bbox 1094 857 1190 890; x_wconf 88' lang='lat' dir='ltr'>paret,</span> <span class='ocrx_word' id='word_1_166' title='bbox 1213 860 1276 880; x_wconf 88' lang='lat' dir='ltr'>non</span> 
     </span>
     <span class='ocr_line' id='line_1_19' title="bbox 12 892 1276 937; baseline -0.002 -11"><span class='ocrx_word' id='word_1_167' title='bbox 12 901 156 937; x_wconf 64' lang='lat' dir='ltr'>&#39;propter</span> <span class='ocrx_word' id='word_1_168' title='bbox 170 895 272 927; x_wconf 77' lang='lat' dir='ltr'>nescio</span> <span class='ocrx_word' id='word_1_169' title='bbox 286 905 378 935; x_wconf 86' lang='lat' dir='ltr'>quam</span> <span class='ocrx_word' id='word_1_170' title='bbox 393 895 541 925; x_wconf 87' lang='lat' dir='ltr'>invidiam</span> <span class='ocrx_word' id='word_1_171' title='bbox 557 901 611 926; x_wconf 86' lang='lat' dir='ltr'>aut</span> <span class='ocrx_word' id='word_1_172' title='bbox 626 895 786 929; x_wconf 84' lang='lat' dir='ltr'>malitiam,</span> <span class='ocrx_word' id='word_1_173' title='bbox 804 896 858 925; x_wconf 86' lang='lat' dir='ltr'>sed</span> <span class='ocrx_word' id='word_1_174' title='bbox 874 902 998 935; x_wconf 85' lang='lat' dir='ltr'>propter</span> <span class='ocrx_word' id='word_1_175' title='bbox 1019 905 1135 924; x_wconf 79' lang='lat' dir='ltr'>meram</span> <span class='ocrx_word' id='word_1_176' title='bbox 1160 892 1276 934; x_wconf 78' lang='grc' dir='ltr'>εὐτρα-</span> 
     </span>
     <span class='ocr_line' id='line_1_20' title="bbox 14 936 1277 980; baseline -0.003 -9"><span class='ocrx_word' id='word_1_177' title='bbox 14 937 162 971; x_wconf 65' lang='grc' dir='ltr'>ιῐελίαν.</span> <span class='ocrx_word' id='word_1_178' title='bbox 173 956 216 962; x_wconf 89' lang='lat'>--</span> <span class='ocrx_word' id='word_1_179' title='bbox 229 937 302 980; x_wconf 83' lang='lat' dir='ltr'>[non</span> <span class='ocrx_word' id='word_1_180' title='bbox 316 936 402 979; x_wconf 85' lang='lat' dir='ltr'>laeve]</span> <span class='ocrx_word' id='word_1_181' title='bbox 427 939 497 969; x_wconf 80' lang='lat' dir='ltr'>‘sed</span> <span class='ocrx_word' id='word_1_182' title='bbox 511 938 708 975; x_wconf 87' lang='lat' dir='ltr'>dexterrime,</span> <span class='ocrx_word' id='word_1_183' title='bbox 725 937 824 978; x_wconf 84' lang='lat' dir='ltr'>(docte</span> <span class='ocrx_word' id='word_1_184' title='bbox 844 946 873 969; x_wconf 84' lang='lat' dir='ltr'>et</span> <span class='ocrx_word' id='word_1_185' title='bbox 897 940 1016 969; x_wconf 75' lang='lat' dir='ltr'>cordate</span> <span class='ocrx_word' id='word_1_186' title='bbox 1039 943 1067 969; x_wconf 84' lang='lat' dir='ltr'>et</span> <span class='ocrx_word' id='word_1_187' title='bbox 1091 943 1167 974; x_wconf 85' lang='lat' dir='ltr'>cate,</span> <span class='ocrx_word' id='word_1_188' title='bbox 1183 945 1218 967; x_wconf 86' lang='lat' dir='ltr'>ut</span> <span class='ocrx_word' id='word_1_189' title='bbox 1233 937 1277 967; x_wconf 86' lang='lat' dir='ltr'>ait</span> 
     </span>
     <span class='ocr_line' id='line_1_21' title="bbox 12 980 1278 1022; baseline -0.001 -11"><span class='ocrx_word' id='word_1_190' title='bbox 12 981 157 1016; x_wconf 57' lang='lat' dir='ltr'>inautus</span> <span class='ocrx_word' id='word_1_191' title='bbox 178 981 354 1022; x_wconf 83' lang='lat' dir='ltr'>Poen.1‚l‚</span> <span class='ocrx_word' id='word_1_192' title='bbox 370 980 414 1021; x_wconf 87' lang='lat'>3.)</span> <span class='ocrx_word' id='word_1_193' title='bbox 438 983 616 1022; x_wconf 74' lang='lat' dir='ltr'>accipiebat,</span> <span class='ocrx_word' id='word_1_194' title='bbox 640 982 671 1012; x_wconf 93' lang='lat' dir='ltr'>id</span> <span class='ocrx_word' id='word_1_195' title='bbox 695 987 741 1012; x_wconf 89' lang='lat' dir='ltr'>est</span> <span class='ocrx_word' id='word_1_196' title='bbox 763 982 903 1021; x_wconf 88' lang='lat' dir='ltr'>excipere</span> <span class='ocrx_word' id='word_1_197' title='bbox 928 987 958 1011; x_wconf 83' lang='lat' dir='ltr'>et</span> <span class='ocrx_word' id='word_1_198' title='bbox 982 981 1122 1012; x_wconf 84' lang='lat' dir='ltr'>celeriter</span> <span class='ocrx_word' id='word_1_199' title='bbox 1147 981 1278 1020; x_wconf 79' lang='lat' dir='ltr'>exsequi</span> 
     </span>
     <span class='ocr_line' id='line_1_22' title="bbox 10 1018 1274 1067; baseline -0.002 -11"><span class='ocrx_word' id='word_1_200' title='bbox 10 1018 164 1067; x_wconf 48' lang='lat' dir='ltr'>tssbsst’</span> <span class='ocrx_word' id='word_1_201' title='bbox 179 1041 222 1048; x_wconf 92' lang='lat'>-—</span> <span class='ocrx_word' id='word_1_202' title='bbox 237 1023 352 1066; x_wconf 86' lang='lat' dir='ltr'>[domo]</span> <span class='ocrx_word' id='word_1_203' title='bbox 378 1025 427 1055; x_wconf 89' lang='lat' dir='ltr'>Sic</span> <span class='ocrx_word' id='word_1_204' title='bbox 437 1035 517 1065; x_wconf 82' lang='lat' dir='ltr'>saepe</span> <span class='ocrx_word' id='word_1_205' title='bbox 532 1025 565 1055; x_wconf 90' lang='lat' dir='ltr'>in</span> <span class='ocrx_word' id='word_1_206' title='bbox 582 1025 737 1065; x_wconf 87' lang='lat' dir='ltr'>Inscriptt.</span> <span class='ocrx_word' id='word_1_207' title='bbox 756 1026 822 1055; x_wconf 88' lang='lat' dir='ltr'>Lat.</span> <span class='ocrx_word' id='word_1_208' title='bbox 840 1026 941 1055; x_wconf 72' lang='lat' dir='ltr'>Domo</span> <span class='ocrx_word' id='word_1_209' title='bbox 959 1026 1119 1062; x_wconf 69' lang='lat' dir='ltr'>Pssuvsm,</span> <span class='ocrx_word' id='word_1_210' title='bbox 1133 1026 1188 1055; x_wconf 77' lang='grc' dir='ltr'>διο.</span> <span class='ocrx_word' id='word_1_211' title='bbox 1218 1025 1274 1054; x_wconf 90' lang='lat' dir='ltr'>In-</span> 
     </span>
     <span class='ocr_line' id='line_1_23' title="bbox 10 1068 1276 1109; baseline -0.001 -10"><span class='ocrx_word' id='word_1_212' title='bbox 10 1075 17 1099; x_wconf 80' lang='lat'>!</span> <span class='ocrx_word' id='word_1_213' title='bbox 149 1068 174 1099; x_wconf 86' lang='lat' dir='ltr'>ri</span> <span class='ocrx_word' id='word_1_214' title='bbox 196 1068 291 1108; x_wconf 82' lang='lat' dir='ltr'>igitur</span> <span class='ocrx_word' id='word_1_215' title='bbox 306 1070 407 1108; x_wconf 84' lang='lat' dir='ltr'>jubet,</span> <span class='ocrx_word' id='word_1_216' title='bbox 423 1070 510 1108; x_wconf 89' lang='lat' dir='ltr'>‘quae</span> <span class='ocrx_word' id='word_1_217' title='bbox 526 1069 591 1108; x_wconf 89' lang='lat' dir='ltr'>ejus</span> <span class='ocrx_word' id='word_1_218' title='bbox 606 1070 704 1108; x_wconf 87' lang='lat' dir='ltr'>patria</span> <span class='ocrx_word' id='word_1_219' title='bbox 720 1069 758 1099; x_wconf 87' lang='lat' dir='ltr'>sit</span> <span class='ocrx_word' id='word_1_220' title='bbox 775 1068 881 1109; x_wconf 83' lang='lat' dir='ltr'>(quis),</span> <span class='ocrx_word' id='word_1_221' title='bbox 897 1069 979 1108; x_wconf 88' lang='lat' dir='ltr'>quod</span> <span class='ocrx_word' id='word_1_222' title='bbox 996 1079 1119 1104; x_wconf 86' lang='lat' dir='ltr'>nomen,</span> <span class='ocrx_word' id='word_1_223' title='bbox 1135 1078 1205 1107; x_wconf 87' lang='lat' dir='ltr'>quae</span> <span class='ocrx_word' id='word_1_224' title='bbox 1226 1078 1276 1098; x_wconf 89' lang='lat' dir='ltr'>res</span> 
     </span>
     <span class='ocr_line' id='line_1_24' title="bbox 9 1110 1274 1154; baseline 0.001 -13"><span class='ocrx_word' id='word_1_225' title='bbox 9 1122 16 1141; x_wconf 73' lang='lat' dir='ltr'><strong><em>c</em></strong></span> <span class='ocrx_word' id='word_1_226' title='bbox 35 1151 38 1154; x_wconf 13' lang='grc' dir='ltr'><strong><em>ἢ</em></strong></span> <span class='ocrx_word' id='word_1_227' title='bbox 63 1112 91 1151; x_wconf 46' lang='lat' dir='ltr'>js</span> <span class='ocrx_word' id='word_1_228' title='bbox 134 1113 194 1143; x_wconf 86' lang='lat' dir='ltr'>tica</span> <span class='ocrx_word' id='word_1_229' title='bbox 215 1118 247 1142; x_wconf 89' lang='lat' dir='ltr'>et</span> <span class='ocrx_word' id='word_1_230' title='bbox 267 1111 413 1148; x_wconf 85' lang='lat' dir='ltr'>conditio,</span> <span class='ocrx_word' id='word_1_231' title='bbox 428 1112 623 1151; x_wconf 87' lang='lat' dir='ltr'>ingenuusne</span> <span class='ocrx_word' id='word_1_232' title='bbox 645 1122 684 1142; x_wconf 89' lang='lat' dir='ltr'>an</span> <span class='ocrx_word' id='word_1_233' title='bbox 708 1112 836 1142; x_wconf 88' lang='lat' dir='ltr'>libertus</span> <span class='ocrx_word' id='word_1_234' title='bbox 848 1112 872 1142; x_wconf 82' lang='lat' dir='ltr'>&#39;l’</span> <span class='ocrx_word' id='word_1_235' title='bbox 889 1129 931 1133; x_wconf 97' lang='lat'><strong>—</strong></span> <span class='ocrx_word' id='word_1_236' title='bbox 949 1110 1103 1152; x_wconf 76' lang='lat' dir='ltr'>[Menam]</span> <span class='ocrx_word' id='word_1_237' title='bbox 1130 1111 1274 1150; x_wconf 85' lang='lat' dir='ltr'>frequens</span> 
     </span>
     <span class='ocr_line' id='line_1_25' title="bbox 8 1152 1273 1196; baseline -0.002 -9"><span class='ocrx_word' id='word_1_238' title='bbox 8 1152 185 1191; x_wconf 53' lang='lat' dir='ltr'>‘fflrum</span> <span class='ocrx_word' id='word_1_239' title='bbox 203 1165 239 1186; x_wconf 81' lang='lat' dir='ltr'>ac</span> <span class='ocrx_word' id='word_1_240' title='bbox 260 1155 440 1185; x_wconf 88' lang='lat' dir='ltr'>libertorum</span> <span class='ocrx_word' id='word_1_241' title='bbox 456 1165 569 1185; x_wconf 89' lang='lat' dir='ltr'>nomen</span> <span class='ocrx_word' id='word_1_242' title='bbox 591 1156 779 1196; x_wconf 81' lang='lat' dir='ltr'>populariter</span> <span class='ocrx_word' id='word_1_243' title='bbox 802 1162 979 1195; x_wconf 86' lang='lat' dir='ltr'>corruptum</span> <span class='ocrx_word' id='word_1_244' title='bbox 1004 1156 1138 1186; x_wconf 86' lang='lat' dir='ltr'>maxime</span> <span class='ocrx_word' id='word_1_245' title='bbox 1153 1155 1186 1184; x_wconf 92' lang='lat' dir='ltr'>in</span> <span class='ocrx_word' id='word_1_246' title='bbox 1204 1154 1273 1185; x_wconf 87' lang='lat' dir='ltr'>dia-</span> 
     </span>
     <span class='ocr_line' id='line_1_26' title="bbox 8 1197 1272 1238; baseline -0.002 -7"><span class='ocrx_word' id='word_1_247' title='bbox 8 1197 109 1231; x_wconf 50' lang='grc' dir='ltr'>’κθ</span> <span class='ocrx_word' id='word_1_248' title='bbox 134 1198 354 1235; x_wconf 69' lang='lat' dir='ltr'>Alexandrina,</span> <span class='ocrx_word' id='word_1_249' title='bbox 384 1204 419 1228; x_wconf 84' lang='lat' dir='ltr'>ut</span> <span class='ocrx_word' id='word_1_250' title='bbox 447 1199 569 1235; x_wconf 76' lang='lat' dir='ltr'>Demus,</span> <span class='ocrx_word' id='word_1_251' title='bbox 594 1199 726 1238; x_wconf 70' lang='lat' dir='ltr'>Apollas,</span> <span class='ocrx_word' id='word_1_252' title='bbox 760 1199 866 1236; x_wconf 82' lang='lat' dir='ltr'>Lucas,</span> <span class='ocrx_word' id='word_1_253' title='bbox 893 1209 932 1229; x_wconf 84' lang='lat' dir='ltr'>ex</span> <span class='ocrx_word' id='word_1_254' title='bbox 963 1209 1045 1228; x_wconf 88' lang='lat' dir='ltr'>nom.</span> <span class='ocrx_word' id='word_1_255' title='bbox 1072 1199 1272 1235; x_wconf 83' lang='lat' dir='ltr'>Menodorus,</span> 
     </span>
     <span class='ocr_line' id='line_1_27' title="bbox 0 1231 1272 1282; baseline -0.001 -10"><span class='ocrx_word' id='word_1_256' title='bbox 0 1240 13 1267; x_wconf 66' lang='lat'>2’2</span> <span class='ocrx_word' id='word_1_257' title='bbox 29 1231 231 1279; x_wconf 51' lang='lat' dir='ltr'>fflodorus,</span> <span class='ocrx_word' id='word_1_258' title='bbox 254 1241 468 1282; x_wconf 85' lang='lat' dir='ltr'>Apollodorus,</span> <span class='ocrx_word' id='word_1_259' title='bbox 495 1242 647 1272; x_wconf 80' lang='lat' dir='ltr'>Lucanus.</span> <span class='ocrx_word' id='word_1_260' title='bbox 693 1242 792 1281; x_wconf 87' lang='lat' dir='ltr'>Igitur</span> <span class='ocrx_word' id='word_1_261' title='bbox 814 1253 852 1272; x_wconf 85' lang='lat' dir='ltr'>ex</span> <span class='ocrx_word' id='word_1_262' title='bbox 877 1242 935 1272; x_wconf 87' lang='lat' dir='ltr'>hoc</span> <span class='ocrx_word' id='word_1_263' title='bbox 958 1252 1020 1272; x_wconf 89' lang='lat' dir='ltr'>uno</span> <span class='ocrx_word' id='word_1_264' title='bbox 1046 1242 1171 1272; x_wconf 87' lang='lat' dir='ltr'>nomine</span> <span class='ocrx_word' id='word_1_265' title='bbox 1196 1241 1272 1271; x_wconf 85' lang='lat' dir='ltr'>Phi-</span> 
     </span>
     <span class='ocr_line' id='line_1_28' title="bbox 6 1283 1271 1325; baseline 0 -9"><span class='ocrx_word' id='word_1_266' title='bbox 6 1283 12 1288; x_wconf 79' lang='grc'><strong>’</strong></span> <span class='ocrx_word' id='word_1_267' title='bbox 149 1284 311 1324; x_wconf 80' lang='lat' dir='ltr'>colligebat</span> <span class='ocrx_word' id='word_1_268' title='bbox 332 1285 391 1315; x_wconf 79' lang='lat' dir='ltr'>sibi</span> <span class='ocrx_word' id='word_1_269' title='bbox 415 1295 485 1316; x_wconf 90' lang='lat' dir='ltr'>cum</span> <span class='ocrx_word' id='word_1_270' title='bbox 508 1285 618 1316; x_wconf 86' lang='lat' dir='ltr'>liberto</span> <span class='ocrx_word' id='word_1_271' title='bbox 644 1285 759 1316; x_wconf 89' lang='lat' dir='ltr'>Vulteii</span> <span class='ocrx_word' id='word_1_272' title='bbox 786 1286 914 1325; x_wconf 87' lang='lat' dir='ltr'>alicujus</span> <span class='ocrx_word' id='word_1_273' title='bbox 941 1295 1006 1315; x_wconf 90' lang='lat' dir='ltr'>rem</span> <span class='ocrx_word' id='word_1_274' title='bbox 1034 1285 1107 1315; x_wconf 86' lang='lat' dir='ltr'>fore.</span> <span class='ocrx_word' id='word_1_275' title='bbox 1154 1285 1271 1316; x_wconf 82' lang='lat' dir='ltr'>Liberti</span> 
     </span>
     <span class='ocr_line' id='line_1_29' title="bbox 6 1329 1271 1373; baseline 0 -15"><span class='ocrx_word' id='word_1_276' title='bbox 6 1339 11 1357; x_wconf 72' lang='grc' dir='ltr'><strong><em>ι</em></strong></span> <span class='ocrx_word' id='word_1_277' title='bbox 37 1364 40 1366; x_wconf 43' lang='grc'><strong>,</strong></span> <span class='ocrx_word' id='word_1_278' title='bbox 63 1365 70 1373; x_wconf 39' lang='lat'><em>¹</em></span> <span class='ocrx_word' id='word_1_279' title='bbox 155 1337 195 1358; x_wconf 84' lang='lat' dir='ltr'>ex</span> <span class='ocrx_word' id='word_1_280' title='bbox 220 1338 278 1358; x_wconf 77' lang='lat' dir='ltr'>usu</span> <span class='ocrx_word' id='word_1_281' title='bbox 303 1329 515 1359; x_wconf 81' lang='lat' dir='ltr'>Romanorum</span> <span class='ocrx_word' id='word_1_282' title='bbox 539 1334 629 1368; x_wconf 80' lang='lat' dir='ltr'>patre</span> <span class='ocrx_word' id='word_1_283' title='bbox 658 1330 748 1365; x_wconf 83' lang='lat' dir='ltr'>nullo,</span> <span class='ocrx_word' id='word_1_284' title='bbox 775 1331 838 1359; x_wconf 77' lang='lat' dir='ltr'>sine</span> <span class='ocrx_word' id='word_1_285' title='bbox 861 1334 949 1368; x_wconf 83' lang='lat' dir='ltr'>patre</span> <span class='ocrx_word' id='word_1_286' title='bbox 975 1333 1054 1359; x_wconf 82' lang='lat' dir='ltr'>certo</span> <span class='ocrx_word' id='word_1_287' title='bbox 1077 1329 1141 1358; x_wconf 90' lang='lat' dir='ltr'>nati</span> <span class='ocrx_word' id='word_1_288' title='bbox 1165 1334 1271 1359; x_wconf 80' lang='lat' dir='ltr'>erant:</span> 
     </span>
     <span class='ocr_line' id='line_1_30' title="bbox 7 1371 1272 1412; baseline 0 -10"><span class='ocrx_word' id='word_1_289' title='bbox 7 1386 10 1397; x_wconf 76' lang='grc' dir='ltr'>ι</span> <span class='ocrx_word' id='word_1_290' title='bbox 110 1377 212 1411; x_wconf 82' lang='lat' dir='ltr'>ropter</span> <span class='ocrx_word' id='word_1_291' title='bbox 240 1381 302 1402; x_wconf 89' lang='lat' dir='ltr'>non</span> <span class='ocrx_word' id='word_1_292' title='bbox 327 1373 492 1411; x_wconf 79' lang='lat' dir='ltr'>respondet</span> <span class='ocrx_word' id='word_1_293' title='bbox 518 1372 679 1411; x_wconf 85' lang='lat' dir='ltr'>quaestioni</span> <span class='ocrx_word' id='word_1_294' title='bbox 708 1383 763 1412; x_wconf 86' lang='lat' dir='ltr'>quo</span> <span class='ocrx_word' id='word_1_295' title='bbox 782 1378 872 1412; x_wconf 78' lang='lat' dir='ltr'>patre</span> <span class='ocrx_word' id='word_1_296' title='bbox 896 1381 924 1401; x_wconf 89' lang='lat' dir='ltr'>v.</span> <span class='ocrx_word' id='word_1_297' title='bbox 951 1372 1155 1402; x_wconf 83' lang='lat' dir='ltr'>54.—Verbis</span> <span class='ocrx_word' id='word_1_298' title='bbox 1185 1371 1272 1412; x_wconf 74' lang='lat' dir='ltr'>cujus</span> 
     </span>
     <span class='ocr_line' id='line_1_31' title="bbox 2 1413 1269 1455; baseline 0.001 -10"><span class='ocrx_word' id='word_1_299' title='bbox 2 1424 10 1449; x_wconf 77' lang='lat'>,¹</span> <span class='ocrx_word' id='word_1_300' title='bbox 173 1415 336 1454; x_wconf 83' lang='lat' dir='ltr'>respondet</span> <span class='ocrx_word' id='word_1_301' title='bbox 350 1425 380 1445; x_wconf 89' lang='lat' dir='ltr'>v.</span> <span class='ocrx_word' id='word_1_302' title='bbox 391 1425 564 1455; x_wconf 70' lang='lat' dir='ltr'>praeconem,</span> <span class='ocrx_word' id='word_1_303' title='bbox 590 1418 771 1446; x_wconf 80' lang='lat' dir='ltr'>town-crier.</span> <span class='ocrx_word' id='word_1_304' title='bbox 795 1416 857 1445; x_wconf 88' lang='lat' dir='ltr'>Cfr.</span> <span class='ocrx_word' id='word_1_305' title='bbox 874 1426 902 1444; x_wconf 92' lang='lat' dir='ltr'>v.</span> <span class='ocrx_word' id='word_1_306' title='bbox 921 1415 971 1445; x_wconf 81' lang='lat'>65.</span> <span class='ocrx_word' id='word_1_307' title='bbox 981 1432 1024 1436; x_wconf 97' lang='lat'><strong>—</strong></span> <span class='ocrx_word' id='word_1_308' title='bbox 1036 1413 1114 1455; x_wconf 84' lang='lat' dir='ltr'>[sine</span> <span class='ocrx_word' id='word_1_309' title='bbox 1129 1413 1269 1455; x_wconf 82' lang='lat' dir='ltr'>crimine]</span> 
     </span>
     <span class='ocr_line' id='line_1_32' title="bbox 5 1456 1270 1499; baseline 0.001 -11"><span class='ocrx_word' id='word_1_310' title='bbox 5 1471 35 1498; x_wconf 59' lang='lat'>²⁴.</span> <span class='ocrx_word' id='word_1_311' title='bbox 60 1462 79 1499; x_wconf 28' lang='grc' dir='ltr'>ζ</span> <span class='ocrx_word' id='word_1_312' title='bbox 177 1459 330 1489; x_wconf 82' lang='lat' dir='ltr'>hable.—</span> <span class='ocrx_word' id='word_1_313' title='bbox 346 1456 479 1499; x_wconf 82' lang='lat' dir='ltr'>[notum]</span> <span class='ocrx_word' id='word_1_314' title='bbox 516 1459 653 1489; x_wconf 85' lang='lat' dir='ltr'>absolute</span> <span class='ocrx_word' id='word_1_315' title='bbox 683 1459 826 1498; x_wconf 88' lang='lat' dir='ltr'>ponitur:</span> <span class='ocrx_word' id='word_1_316' title='bbox 862 1460 989 1488; x_wconf 80' lang='lat' dir='ltr'>‘notum</span> <span class='ocrx_word' id='word_1_317' title='bbox 1019 1458 1099 1488; x_wconf 87' lang='lat' dir='ltr'>inter</span> <span class='ocrx_word' id='word_1_318' title='bbox 1129 1459 1270 1489; x_wconf 87' lang='lat' dir='ltr'>homines</span> 
     </span>
    </p>

    <p class='ocr_par' dir='ltr' id='par_1_5' title="bbox 23 1501 1270 1932">
     <span class='ocr_line' id='line_1_33' title="bbox 183 1501 1270 1541; baseline 0.001 -10"><span class='ocrx_word' id='word_1_319' title='bbox 183 1501 376 1537; x_wconf 79' lang='lat' dir='ltr'>conditionis,</span> <span class='ocrx_word' id='word_1_320' title='bbox 391 1501 435 1532; x_wconf 76' lang='lat' dir='ltr'>ita</span> <span class='ocrx_word' id='word_1_321' title='bbox 455 1507 488 1532; x_wconf 90' lang='lat' dir='ltr'>ut</span> <span class='ocrx_word' id='word_1_322' title='bbox 503 1512 543 1532; x_wconf 87' lang='lat' dir='ltr'>ex</span> <span class='ocrx_word' id='word_1_323' title='bbox 558 1502 667 1532; x_wconf 89' lang='lat' dir='ltr'>horum</span> <span class='ocrx_word' id='word_1_324' title='bbox 691 1502 827 1541; x_wconf 89' lang='lat' dir='ltr'>quolibet</span> <span class='ocrx_word' id='word_1_325' title='bbox 842 1502 880 1532; x_wconf 89' lang='lat' dir='ltr'>de</span> <span class='ocrx_word' id='word_1_326' title='bbox 896 1501 1032 1532; x_wconf 80' lang='lat' dir='ltr'>moribus</span> <span class='ocrx_word' id='word_1_327' title='bbox 1048 1508 1079 1532; x_wconf 88' lang='lat' dir='ltr'>et</span> <span class='ocrx_word' id='word_1_328' title='bbox 1094 1501 1197 1532; x_wconf 88' lang='lat' dir='ltr'>indole</span> <span class='ocrx_word' id='word_1_329' title='bbox 1212 1503 1270 1533; x_wconf 70' lang='lat' dir='ltr'>sua</span> 
     </span>
     <span class='ocr_line' id='line_1_34' title="bbox 35 1543 982 1585; baseline 0.001 -11"><span class='ocrx_word' id='word_1_330' title='bbox 35 1582 38 1585; x_wconf 22' lang='grc' dir='ltr'>ι</span> <span class='ocrx_word' id='word_1_331' title='bbox 79 1576 83 1579; x_wconf 65' lang='grc'><strong>,</strong></span> <span class='ocrx_word' id='word_1_332' title='bbox 113 1544 169 1574; x_wconf 74' lang='lat' dir='ltr'>tari</span> <span class='ocrx_word' id='word_1_333' title='bbox 184 1543 303 1581; x_wconf 55' lang='lat' dir='ltr'>liceat?</span> <span class='ocrx_word' id='word_1_334' title='bbox 327 1550 391 1575; x_wconf 90' lang='lat' dir='ltr'>tum</span> <span class='ocrx_word' id='word_1_335' title='bbox 408 1545 518 1584; x_wconf 86' lang='lat' dir='ltr'>pergit,</span> <span class='ocrx_word' id='word_1_336' title='bbox 543 1546 552 1561; x_wconf 81' lang='lat'><strong>⁴</strong></span> <span class='ocrx_word' id='word_1_337' title='bbox 563 1555 594 1575; x_wconf 92' lang='lat' dir='ltr'>se</span> <span class='ocrx_word' id='word_1_338' title='bbox 610 1550 639 1576; x_wconf 84' lang='lat' dir='ltr'>et</span> <span class='ocrx_word' id='word_1_339' title='bbox 650 1556 814 1585; x_wconf 81' lang='lat' dir='ltr'>properare</span> <span class='ocrx_word' id='word_1_340' title='bbox 829 1546 909 1581; x_wconf 87' lang='lat' dir='ltr'>loco,&#39;</span> <span class='ocrx_word' id='word_1_341' title='bbox 926 1546 982 1575; x_wconf 69' lang='lat' dir='ltr'>Sec.</span> 
     </span>
     <span class='ocr_line' id='line_1_35' title="bbox 32 1583 1268 1629; baseline -0.001 -10"><span class='ocrx_word' id='word_1_342' title='bbox 32 1583 211 1621; x_wconf 48' lang='lat' dir='ltr'>&#39;‘R—58.</span> <span class='ocrx_word' id='word_1_343' title='bbox 226 1586 475 1629; x_wconf 78' lang='lat' dir='ltr'>[Etproperare]</span> <span class='ocrx_word' id='word_1_344' title='bbox 499 1591 547 1618; x_wconf 87' lang='lat' dir='ltr'>‘et</span> <span class='ocrx_word' id='word_1_345' title='bbox 569 1598 602 1619; x_wconf 85' lang='lat' dir='ltr'>se</span> <span class='ocrx_word' id='word_1_346' title='bbox 624 1589 717 1619; x_wconf 89' lang='lat' dir='ltr'>modo</span> <span class='ocrx_word' id='word_1_347' title='bbox 739 1589 871 1627; x_wconf 86' lang='lat' dir='ltr'>negotiis</span> <span class='ocrx_word' id='word_1_348' title='bbox 893 1589 1000 1619; x_wconf 84' lang='lat' dir='ltr'>sedulo</span> <span class='ocrx_word' id='word_1_349' title='bbox 1014 1598 1121 1619; x_wconf 89' lang='lat' dir='ltr'>vacare</span> <span class='ocrx_word' id='word_1_350' title='bbox 1137 1588 1268 1619; x_wconf 85' lang='lat' dir='ltr'>victum-</span> 
     </span>
     <span class='ocr_line' id='line_1_36' title="bbox 23 1627 1270 1674; baseline 0 -13"><span class='ocrx_word' id='word_1_351' title='bbox 23 1627 90 1674; x_wconf 54' lang='grc' dir='ltr'><strong>ῃ</strong></span> <span class='ocrx_word' id='word_1_352' title='bbox 111 1639 256 1672; x_wconf 67' lang='lat' dir='ltr'>quaerere,</span> <span class='ocrx_word' id='word_1_353' title='bbox 282 1632 374 1662; x_wconf 88' lang='lat' dir='ltr'>modo</span> <span class='ocrx_word' id='word_1_354' title='bbox 398 1631 443 1661; x_wconf 89' lang='lat' dir='ltr'>uti</span> <span class='ocrx_word' id='word_1_355' title='bbox 471 1632 606 1671; x_wconf 80' lang='lat' dir='ltr'>quaesitis</span> <span class='ocrx_word' id='word_1_356' title='bbox 632 1638 724 1671; x_wconf 85' lang='lat' dir='ltr'>atque</span> <span class='ocrx_word' id='word_1_357' title='bbox 748 1632 848 1669; x_wconf 86' lang='lat' dir='ltr'>otiari,</span> <span class='ocrx_word' id='word_1_358' title='bbox 872 1638 902 1662; x_wconf 90' lang='lat' dir='ltr'>et</span> <span class='ocrx_word' id='word_1_359' title='bbox 926 1632 1052 1671; x_wconf 89' lang='lat' dir='ltr'>quidem</span> <span class='ocrx_word' id='word_1_360' title='bbox 1078 1642 1133 1662; x_wconf 84' lang='lat' dir='ltr'>suo</span> <span class='ocrx_word' id='word_1_361' title='bbox 1157 1632 1270 1662; x_wconf 88' lang='lat' dir='ltr'>horum</span> 
     </span>
     <span class='ocr_line' id='line_1_37' title="bbox 40 1673 1270 1716; baseline 0.002 -12"><span class='ocrx_word' id='word_1_362' title='bbox 40 1674 51 1679; x_wconf 72' lang='grc'><em>”</em></span> <span class='ocrx_word' id='word_1_363' title='bbox 68 1678 163 1713; x_wconf 53' lang='lat' dir='ltr'>N²-que</span> <span class='ocrx_word' id='word_1_364' title='bbox 185 1675 256 1710; x_wconf 85' lang='lat' dir='ltr'>loco,</span> <span class='ocrx_word' id='word_1_365' title='bbox 283 1681 355 1714; x_wconf 81' lang='lat' dir='ltr'>apto</span> <span class='ocrx_word' id='word_1_366' title='bbox 377 1679 524 1714; x_wconf 85' lang='lat' dir='ltr'>tempore,</span> <span class='ocrx_word' id='word_1_367' title='bbox 552 1673 589 1706; x_wconf 80' lang='grc' dir='ltr'>έν</span> <span class='ocrx_word' id='word_1_368' title='bbox 614 1675 735 1716; x_wconf 70' lang='grc' dir='ltr'>καιρῷ.Ι</span> <span class='ocrx_word' id='word_1_369' title='bbox 750 1692 793 1697; x_wconf 94' lang='lat'>-—</span> <span class='ocrx_word' id='word_1_370' title='bbox 812 1673 948 1716; x_wconf 84' lang='lat' dir='ltr'>[parvis]</span> <span class='ocrx_word' id='word_1_371' title='bbox 975 1676 1080 1705; x_wconf 82' lang='lat' dir='ltr'>‘tenui</span> <span class='ocrx_word' id='word_1_372' title='bbox 1106 1685 1209 1708; x_wconf 84' lang='lat' dir='ltr'>censu.</span> <span class='ocrx_word' id='word_1_373' title='bbox 1234 1681 1270 1706; x_wconf 89' lang='lat' dir='ltr'>ut</span> 
     </span>
     <span class='ocr_line' id='line_1_38' title="bbox 111 1713 1269 1760; baseline 0.001 -13"><span class='ocrx_word' id='word_1_374' title='bbox 111 1716 170 1748; x_wconf 71' lang='lat' dir='ltr'>nit:</span> <span class='ocrx_word' id='word_1_375' title='bbox 205 1713 344 1758; x_wconf 68' lang='grc' dir='ltr'>’Ὅμοιον</span> <span class='ocrx_word' id='word_1_376' title='bbox 367 1716 468 1759; x_wconf 82' lang='grc' dir='ltr'>ὁμοίῳ</span> <span class='ocrx_word' id='word_1_377' title='bbox 492 1716 544 1748; x_wconf 75' lang='grc' dir='ltr'>ἀεὶ</span> <span class='ocrx_word' id='word_1_378' title='bbox 566 1716 709 1753; x_wconf 79' lang='grc' dir='ltr'>πελάζει.</span> <span class='ocrx_word' id='word_1_379' title='bbox 724 1735 766 1740; x_wconf 90' lang='grc'><strong>-</strong></span> <span class='ocrx_word' id='word_1_380' title='bbox 785 1717 864 1759; x_wconf 87' lang='lat' dir='ltr'>[lare</span> <span class='ocrx_word' id='word_1_381' title='bbox 889 1718 985 1760; x_wconf 84' lang='lat' dir='ltr'>certo]</span> <span class='ocrx_word' id='word_1_382' title='bbox 1010 1719 1085 1748; x_wconf 92' lang='lat' dir='ltr'>‘sed</span> <span class='ocrx_word' id='word_1_383' title='bbox 1107 1726 1211 1748; x_wconf 88' lang='lat' dir='ltr'>tamen</span> <span class='ocrx_word' id='word_1_384' title='bbox 1235 1729 1269 1749; x_wconf 89' lang='lat' dir='ltr'>se</span> 
     </span>
     <span class='ocr_line' id='line_1_39' title="bbox 103 1761 1268 1801; baseline 0.002 -11"><span class='ocrx_word' id='word_1_385' title='bbox 103 1775 107 1784; x_wconf 60' lang='lat' dir='ltr'>v</span> <span class='ocrx_word' id='word_1_386' title='bbox 122 1777 128 1795; x_wconf 76' lang='grc'>;</span> <span class='ocrx_word' id='word_1_387' title='bbox 143 1774 146 1776; x_wconf 56' lang='lat'>&gt;</span> <span class='ocrx_word' id='word_1_388' title='bbox 162 1776 177 1787; x_wconf 61' lang='grc' dir='ltr'>ιι</span> <span class='ocrx_word' id='word_1_389' title='bbox 198 1766 230 1790; x_wconf 86' lang='lat' dir='ltr'>et</span> <span class='ocrx_word' id='word_1_390' title='bbox 244 1761 370 1791; x_wconf 89' lang='lat' dir='ltr'>domum</span> <span class='ocrx_word' id='word_1_391' title='bbox 385 1762 432 1791; x_wconf 88' lang='lat' dir='ltr'>vel</span> <span class='ocrx_word' id='word_1_392' title='bbox 447 1762 601 1801; x_wconf 83' lang='lat' dir='ltr'>propriam</span> <span class='ocrx_word' id='word_1_393' title='bbox 617 1763 664 1792; x_wconf 86' lang='lat' dir='ltr'>vel</span> <span class='ocrx_word' id='word_1_394' title='bbox 679 1763 861 1792; x_wconf 80' lang='lat' dir='ltr'>conductam</span> <span class='ocrx_word' id='word_1_395' title='bbox 884 1763 1008 1798; x_wconf 84' lang='lat' dir='ltr'>habere,</span> <span class='ocrx_word' id='word_1_396' title='bbox 1024 1772 1085 1792; x_wconf 90' lang='lat' dir='ltr'>non</span> <span class='ocrx_word' id='word_1_397' title='bbox 1109 1762 1141 1792; x_wconf 90' lang='lat' dir='ltr'>in</span> <span class='ocrx_word' id='word_1_398' title='bbox 1164 1772 1268 1792; x_wconf 83' lang='lat' dir='ltr'>coena-</span> 
     </span>
     <span class='ocr_line' id='line_1_40' title="bbox 77 1803 1270 1846; baseline 0.003 -13"><span class='ocrx_word' id='word_1_399' title='bbox 77 1809 85 1826; x_wconf 66' lang='lat'>&#39;⁴</span> <span class='ocrx_word' id='word_1_400' title='bbox 96 1803 266 1834; x_wconf 51' lang='lat' dir='ltr'>¹dumtaxat</span> <span class='ocrx_word' id='word_1_401' title='bbox 280 1804 439 1835; x_wconf 64' lang='lat' dir='ltr'>habitare!</span> <span class='ocrx_word' id='word_1_402' title='bbox 454 1821 497 1827; x_wconf 87' lang='lat'>-—</span> <span class='ocrx_word' id='word_1_403' title='bbox 514 1803 600 1845; x_wconf 72' lang='lat' dir='ltr'>[post</span> <span class='ocrx_word' id='word_1_404' title='bbox 620 1803 736 1846; x_wconf 80' lang='lat' dir='ltr'>decisa]</span> <span class='ocrx_word' id='word_1_405' title='bbox 762 1807 878 1844; x_wconf 89' lang='lat' dir='ltr'>‘quum</span> <span class='ocrx_word' id='word_1_406' title='bbox 901 1812 1053 1836; x_wconf 82' lang='lat' dir='ltr'>transacta</span> <span class='ocrx_word' id='word_1_407' title='bbox 1068 1806 1130 1835; x_wconf 86' lang='lat' dir='ltr'>sint</span> <span class='ocrx_word' id='word_1_408' title='bbox 1146 1806 1270 1844; x_wconf 78' lang='lat' dir='ltr'>negotia</span> 
     </span>
     <span class='ocr_line' id='line_1_41' title="bbox 96 1847 1269 1888; baseline 0.002 -12"><span class='ocrx_word' id='word_1_409' title='bbox 96 1860 109 1870; x_wconf 52' lang='lat'>1·</span> <span class='ocrx_word' id='word_1_410' title='bbox 138 1855 324 1886; x_wconf 65' lang='lat' dir='ltr'>praconum,</span> <span class='ocrx_word' id='word_1_411' title='bbox 346 1847 378 1877; x_wconf 87' lang='lat' dir='ltr'>id</span> <span class='ocrx_word' id='word_1_412' title='bbox 399 1854 446 1878; x_wconf 80' lang='lat' dir='ltr'>est</span> <span class='ocrx_word' id='word_1_413' title='bbox 469 1848 587 1879; x_wconf 87' lang='lat' dir='ltr'>circiter</span> <span class='ocrx_word' id='word_1_414' title='bbox 610 1849 718 1879; x_wconf 89' lang='lat' dir='ltr'>horam</span> <span class='ocrx_word' id='word_1_415' title='bbox 742 1850 901 1879; x_wconf 88' lang='lat' dir='ltr'>octavam.’</span> <span class='ocrx_word' id='word_1_416' title='bbox 947 1850 983 1879; x_wconf 90' lang='lat' dir='ltr'>In</span> <span class='ocrx_word' id='word_1_417' title='bbox 1005 1859 1147 1888; x_wconf 85' lang='lat' dir='ltr'>campum</span> <span class='ocrx_word' id='word_1_418' title='bbox 1164 1856 1269 1879; x_wconf 89' lang='lat' dir='ltr'>autem</span> 
     </span>
     <span class='ocr_line' id='line_1_42' title="bbox 79 1891 1267 1932; baseline 0.002 -12"><span class='ocrx_word' id='word_1_419' title='bbox 79 1901 81 1908; x_wconf 60' lang='lat'>·=</span> <span class='ocrx_word' id='word_1_420' title='bbox 121 1899 173 1920; x_wconf 81' lang='lat' dir='ltr'>um</span> <span class='ocrx_word' id='word_1_421' title='bbox 195 1895 268 1921; x_wconf 86' lang='lat' dir='ltr'>tuuc</span> <span class='ocrx_word' id='word_1_422' title='bbox 292 1891 395 1931; x_wconf 86' lang='lat' dir='ltr'>ipsum</span> <span class='ocrx_word' id='word_1_423' title='bbox 420 1891 520 1922; x_wconf 87' lang='lat' dir='ltr'>iturus</span> <span class='ocrx_word' id='word_1_424' title='bbox 544 1897 619 1929; x_wconf 86' lang='lat' dir='ltr'>erat,</span> <span class='ocrx_word' id='word_1_425' title='bbox 643 1898 678 1922; x_wconf 86' lang='lat' dir='ltr'>ut</span> <span class='ocrx_word' id='word_1_426' title='bbox 702 1892 767 1932; x_wconf 74' lang='lat' dir='ltr'>pila</span> <span class='ocrx_word' id='word_1_427' title='bbox 791 1893 912 1923; x_wconf 90' lang='lat' dir='ltr'>luderet</span> <span class='ocrx_word' id='word_1_428' title='bbox 938 1893 986 1922; x_wconf 86' lang='lat' dir='ltr'>vel</span> <span class='ocrx_word' id='word_1_429' title='bbox 1012 1893 1152 1922; x_wconf 87' lang='lat' dir='ltr'>ludentes</span> <span class='ocrx_word' id='word_1_430' title='bbox 1179 1902 1267 1932; x_wconf 87' lang='lat' dir='ltr'>spec-</span> 
     </span>
    </p>
   </div>
   <div class='ocr_carea' id='block_1_3' title="bbox 0 0 30 1232">
    <p class='ocr_par' dir='ltr' id='par_1_6' title="bbox 0 0 30 1232">
     <span class='ocr_line' id='line_1_43' title="bbox 0 0 30 740; baseline 0 -43"><span class='ocrx_word' id='word_1_431' title='bbox 0 0 30 740; x_wconf 95' lang='lat' dir='ltr'>    </span> <span class='ocrx_word' id='word_1_432' title='bbox 25 715 30 740; x_wconf 95' lang='lat' dir='ltr'> </span> 
     </span>
     <span class='ocr_line' id='line_1_44' title="bbox 0 740 11 1096; baseline 0 -275"><span class='ocrx_word' id='word_1_433' title='bbox 0 740 11 1096; x_wconf 95' lang='lat' dir='ltr'>   </span> 
     </span>
     <span class='ocr_line' id='line_1_45' title="bbox 0 1096 5 1232; baseline 0 1354"><span class='ocrx_word' id='word_1_434' title='bbox 0 1096 5 1232; x_wconf 95' lang='lat' dir='ltr'> </span> 
     </span>
    </p>
   </div>
   <div class='ocr_carea' id='block_1_4' title="bbox 0 1764 150 2346">
    <p class='ocr_par' dir='ltr' id='par_1_7' title="bbox 0 1764 150 2346">
     <span class='ocr_line' id='line_1_46' title="bbox 16 1764 96 1873; baseline 0 -90"><span class='ocrx_word' id='word_1_435' title='bbox 16 1764 96 1873; x_wconf 95' lang='lat' dir='ltr'>  </span> 
     </span>
     <span class='ocr_line' id='line_1_47' title="bbox 8 1873 150 2129; baseline 0 -89"><span class='ocrx_word' id='word_1_436' title='bbox 8 1873 150 2129; x_wconf 95' lang='lat' dir='ltr'>    </span> 
     </span>
     <span class='ocr_line' id='line_1_48' title="bbox 9 2129 142 2257; baseline 0 0"><span class='ocrx_word' id='word_1_437' title='bbox 9 2129 142 2257; x_wconf 95' lang='lat' dir='ltr'>  </span> 
     </span>
     <span class='ocr_line' id='line_1_49' title="bbox 0 2257 140 2346; baseline 0 240"><span class='ocrx_word' id='word_1_438' title='bbox 0 2257 140 2346; x_wconf 95' lang='lat' dir='ltr'> </span> 
     </span>
    </p>
   </div>
   <div class='ocr_carea' id='block_1_5' title="bbox 82 1974 1268 2324">
    <p class='ocr_par' dir='ltr' id='par_1_8' title="bbox 76 1974 1268 2107">
     <span class='ocr_line' id='line_1_50' title="bbox 133 1974 1268 2018; baseline 0.003 -11.857"><span class='ocrx_word' id='word_1_439' title='bbox 133 1975 184 2006; x_wconf 82' lang='grc'>63.</span> <span class='ocrx_word' id='word_1_440' title='bbox 209 1974 356 2017; x_wconf 77' lang='lat' dir='ltr'>[Mirari]</span> <span class='ocrx_word' id='word_1_441' title='bbox 381 1983 486 2017; x_wconf 83' lang='lat' dir='ltr'>utpote</span> <span class='ocrx_word' id='word_1_442' title='bbox 510 1978 563 2018; x_wconf 87' lang='lat' dir='ltr'>qui</span> <span class='ocrx_word' id='word_1_443' title='bbox 586 1989 746 2017; x_wconf 77' lang='lat' dir='ltr'>nunquam</span> <span class='ocrx_word' id='word_1_444' title='bbox 769 1978 801 2008; x_wconf 86' lang='lat' dir='ltr'>in</span> <span class='ocrx_word' id='word_1_445' title='bbox 823 1979 915 2009; x_wconf 84' lang='lat' dir='ltr'>talem</span> <span class='ocrx_word' id='word_1_446' title='bbox 933 1980 1058 2009; x_wconf 87' lang='lat' dir='ltr'>domum</span> <span class='ocrx_word' id='word_1_447' title='bbox 1083 1979 1123 2008; x_wconf 85' lang='lat' dir='ltr'>ad</span> <span class='ocrx_word' id='word_1_448' title='bbox 1147 1988 1268 2009; x_wconf 86' lang='lat' dir='ltr'>coenam</span> 
     </span>
     <span class='ocr_line' id='line_1_51' title="bbox 136 2019 1268 2064; baseline 0.001 -14"><span class='ocrx_word' id='word_1_449' title='bbox 136 2042 138 2044; x_wconf 86' lang='lat'><em>-</em></span> <span class='ocrx_word' id='word_1_450' title='bbox 165 2025 311 2050; x_wconf 71' lang='lat' dir='ltr'>esset.—</span> <span class='ocrx_word' id='word_1_451' title='bbox 328 2019 498 2062; x_wconf 81' lang='lat' dir='ltr'>[Benigne]</span> <span class='ocrx_word' id='word_1_452' title='bbox 533 2028 568 2052; x_wconf 87' lang='lat' dir='ltr'>ut</span> <span class='ocrx_word' id='word_1_453' title='bbox 592 2032 620 2052; x_wconf 86' lang='lat' dir='ltr'>v.</span> <span class='ocrx_word' id='word_1_454' title='bbox 645 2022 693 2052; x_wconf 87' lang='grc'>10.</span> <span class='ocrx_word' id='word_1_455' title='bbox 709 2039 752 2044; x_wconf 88' lang='lat'><em>-</em></span> <span class='ocrx_word' id='word_1_456' title='bbox 768 2020 900 2064; x_wconf 74' lang='lat' dir='ltr'>[Neget]</span> <span class='ocrx_word' id='word_1_457' title='bbox 935 2023 1098 2062; x_wconf 71' lang='lat' dir='ltr'>conjunct.</span> <span class='ocrx_word' id='word_1_458' title='bbox 1123 2021 1181 2052; x_wconf 87' lang='lat' dir='ltr'>hoc</span> <span class='ocrx_word' id='word_1_459' title='bbox 1205 2022 1268 2061; x_wconf 81' lang='lat' dir='ltr'>sig·</span> 
     </span>
     <span class='ocr_line' id='line_1_52' title="bbox 88 2063 1036 2107; baseline 0.003 -15"><span class='ocrx_word' id='word_1_460' title='bbox 88 2079 97 2085; x_wconf 55' lang='grc' dir='ltr'><strong><em>ν</em></strong></span> <span class='ocrx_word' id='word_1_461' title='bbox 115 2066 147 2092; x_wconf 82' lang='lat' dir='ltr'>t:</span> <span class='ocrx_word' id='word_1_462' title='bbox 169 2063 331 2093; x_wconf 80' lang='lat' dir='ltr'>‘Potestne</span> <span class='ocrx_word' id='word_1_463' title='bbox 348 2064 425 2100; x_wconf 84' lang='lat' dir='ltr'>fieri,</span> <span class='ocrx_word' id='word_1_464' title='bbox 441 2066 496 2100; x_wconf 87' lang='lat' dir='ltr'>ut‚¹</span> <span class='ocrx_word' id='word_1_465' title='bbox 519 2066 572 2095; x_wconf 55' lang='lat' dir='ltr'>&amp;a</span> <span class='ocrx_word' id='word_1_466' title='bbox 589 2082 631 2089; x_wconf 88' lang='lat'><em>—</em></span> <span class='ocrx_word' id='word_1_467' title='bbox 648 2063 830 2107; x_wconf 77' lang='lat' dir='ltr'>[improbus]</span> <span class='ocrx_word' id='word_1_468' title='bbox 857 2066 1036 2105; x_wconf 81' lang='lat' dir='ltr'>‘pervicax.’</span> 
     </span>
    </p>

    <p class='ocr_par' dir='ltr' id='par_1_9' title="bbox 82 2104 1267 2324">
     <span class='ocr_line' id='line_1_53' title="bbox 155 2104 1267 2148; baseline 0.003 -12"><span class='ocrx_word' id='word_1_469' title='bbox 155 2110 197 2136; x_wconf 61' lang='grc' dir='ltr'>ιθ.</span> <span class='ocrx_word' id='word_1_470' title='bbox 222 2104 425 2148; x_wconf 81' lang='lat' dir='ltr'>[vendentem]</span> <span class='ocrx_word' id='word_1_471' title='bbox 466 2108 638 2147; x_wconf 77' lang='lat' dir='ltr'>Tamquam</span> <span class='ocrx_word' id='word_1_472' title='bbox 666 2119 766 2148; x_wconf 84' lang='lat' dir='ltr'>praeco</span> <span class='ocrx_word' id='word_1_473' title='bbox 795 2110 969 2139; x_wconf 78' lang='lat' dir='ltr'>auctionem</span> <span class='ocrx_word' id='word_1_474' title='bbox 999 2108 1130 2138; x_wconf 85' lang='lat' dir='ltr'>faciebat</span> <span class='ocrx_word' id='word_1_475' title='bbox 1157 2108 1267 2139; x_wconf 85' lang='lat' dir='ltr'>vilium</span> 
     </span>
     <span class='ocr_line' id='line_1_54' title="bbox 87 2149 1265 2193; baseline 0.003 -14"><span class='ocrx_word' id='word_1_476' title='bbox 87 2191 90 2193; x_wconf 19' lang='grc' dir='ltr'><strong>Δ</strong></span> <span class='ocrx_word' id='word_1_477' title='bbox 125 2157 179 2186; x_wconf 88' lang='lat' dir='ltr'>m,</span> <span class='ocrx_word' id='word_1_478' title='bbox 204 2159 273 2188; x_wconf 82' lang='lat' dir='ltr'>quae</span> <span class='ocrx_word' id='word_1_479' title='bbox 296 2150 426 2180; x_wconf 82' lang='lat' dir='ltr'>aliorum</span> <span class='ocrx_word' id='word_1_480' title='bbox 450 2157 548 2182; x_wconf 89' lang='lat' dir='ltr'>erant.</span> <span class='ocrx_word' id='word_1_481' title='bbox 562 2167 605 2173; x_wconf 90' lang='lat'>—</span> <span class='ocrx_word' id='word_1_482' title='bbox 620 2149 787 2193; x_wconf 81' lang='lat' dir='ltr'>[tunicato]</span> <span class='ocrx_word' id='word_1_483' title='bbox 813 2153 956 2192; x_wconf 80' lang='lat' dir='ltr'>Opifices‚</span> <span class='ocrx_word' id='word_1_484' title='bbox 974 2151 1140 2181; x_wconf 83' lang='lat' dir='ltr'>tabernarii</span> <span class='ocrx_word' id='word_1_485' title='bbox 1163 2152 1265 2182; x_wconf 89' lang='lat' dir='ltr'>omni-</span> 
     </span>
     <span class='ocr_line' id='line_1_55' title="bbox 83 2193 1267 2234; baseline 0.003 -13"><span class='ocrx_word' id='word_1_486' title='bbox 83 2204 85 2211; x_wconf 55' lang='lat'>*</span> <span class='ocrx_word' id='word_1_487' title='bbox 113 2204 115 2206; x_wconf 57' lang='lat'><strong><em>¹</em></strong></span> <span class='ocrx_word' id='word_1_488' title='bbox 151 2193 349 2232; x_wconf 77' lang='lat' dir='ltr'>pauperiores</span> <span class='ocrx_word' id='word_1_489' title='bbox 378 2194 483 2224; x_wconf 71' lang='lat' dir='ltr'>tunica</span> <span class='ocrx_word' id='word_1_490' title='bbox 513 2196 733 2231; x_wconf 88' lang='lat' dir='ltr'>tantummodo,</span> <span class='ocrx_word' id='word_1_491' title='bbox 763 2206 824 2225; x_wconf 90' lang='lat' dir='ltr'>non</span> <span class='ocrx_word' id='word_1_492' title='bbox 859 2198 940 2234; x_wconf 71' lang='lat' dir='ltr'>toga,</span> <span class='ocrx_word' id='word_1_493' title='bbox 970 2195 1070 2225; x_wconf 89' lang='lat' dir='ltr'>induti</span> <span class='ocrx_word' id='word_1_494' title='bbox 1109 2202 1267 2225; x_wconf 83' lang='lat' dir='ltr'>erant.—</span> 
     </span>
     <span class='ocr_line' id='line_1_56' title="bbox 181 2236 1266 2277; baseline 0.002 -11"><span class='ocrx_word' id='word_1_495' title='bbox 181 2236 286 2275; x_wconf 85' lang='lat' dir='ltr'>“quas</span> <span class='ocrx_word' id='word_1_496' title='bbox 302 2236 411 2275; x_wconf 83' lang='lat' dir='ltr'>vulgus</span> <span class='ocrx_word' id='word_1_497' title='bbox 431 2242 540 2277; x_wconf 78' lang='lat' dir='ltr'>gratas</span> <span class='ocrx_word' id='word_1_498' title='bbox 555 2239 676 2268; x_wconf 77' lang='lat' dir='ltr'>vocat-&#39;⁷</span> <span class='ocrx_word' id='word_1_499' title='bbox 702 2240 808 2269; x_wconf 86' lang='lat' dir='ltr'>Comm.</span> <span class='ocrx_word' id='word_1_500' title='bbox 828 2240 877 2269; x_wconf 90' lang='lat' dir='ltr'>Cr.</span> <span class='ocrx_word' id='word_1_501' title='bbox 891 2251 902 2274; x_wconf 90' lang='lat'>,·</span> <span class='ocrx_word' id='word_1_502' title='bbox 927 2239 1008 2268; x_wconf 92' lang='lat' dir='ltr'>unde</span> <span class='ocrx_word' id='word_1_503' title='bbox 1036 2237 1146 2268; x_wconf 83' lang='lat' dir='ltr'>clarius</span> <span class='ocrx_word' id='word_1_504' title='bbox 1171 2238 1266 2268; x_wconf 89' lang='lat' dir='ltr'>etiam</span> 
     </span>
     <span class='ocr_line' id='line_1_57' title="bbox 82 2279 1264 2324; baseline 0.003 -15"><span class='ocrx_word' id='word_1_505' title='bbox 82 2294 89 2299; x_wconf 71' lang='lat'><em>-</em></span> <span class='ocrx_word' id='word_1_506' title='bbox 140 2279 279 2310; x_wconf 78' lang='lat' dir='ltr'>vocabuli</span> <span class='ocrx_word' id='word_1_507' title='bbox 300 2279 403 2310; x_wconf 87' lang='lat' dir='ltr'>Latini</span> <span class='ocrx_word' id='word_1_508' title='bbox 425 2281 565 2320; x_wconf 82' lang='lat' dir='ltr'>cognatio</span> <span class='ocrx_word' id='word_1_509' title='bbox 580 2291 651 2312; x_wconf 89' lang='lat' dir='ltr'>cum</span> <span class='ocrx_word' id='word_1_510' title='bbox 665 2281 720 2312; x_wconf 88' lang='lat' dir='ltr'>Gr.</span> <span class='ocrx_word' id='word_1_511' title='bbox 738 2280 758 2320; x_wconf 87' lang='grc' dir='ltr'><em>ἡ</em></span> <span class='ocrx_word' id='word_1_512' title='bbox 775 2280 890 2324; x_wconf 83' lang='grc' dir='ltr'><strong><em>γρύτη.</em></strong></span> <span class='ocrx_word' id='word_1_513' title='bbox 937 2282 1074 2312; x_wconf 85' lang='lat' dir='ltr'>Lucilius</span> <span class='ocrx_word' id='word_1_514' title='bbox 1088 2282 1171 2322; x_wconf 81' lang='lat' dir='ltr'>apud</span> <span class='ocrx_word' id='word_1_515' title='bbox 1185 2282 1264 2312; x_wconf 79' lang='lat' dir='ltr'>Geli.</span> 
     </span>
    </p>
   </div>
   <div class='ocr_carea' id='block_1_6' title="bbox 129 2231 158 2275">
    <p class='ocr_par' dir='ltr' id='par_1_10' title="bbox 129 2231 158 2275">
     <span class='ocr_line' id='line_1_58' title="bbox 129 2231 158 2275; textangle 90"><span class='ocrx_word' id='word_1_516' title='bbox 129 2231 158 2275; x_wconf 53' lang='grc' dir='ltr'>..Ἀ</span> 
     </span>
    </p>
   </div>
  </div>
 </body>
</html>
