1390 2586
61 94 133 144 m.
149 119 187 142 n.
203 109 250 148 1.]
502 105 878 137 m'rsnpmzmno.
1241 104 1321 147 147

65 212 212 243 'ructum
226 220 265 241 ex
281 207 469 240 Callimacho
483 207 552 244 hoc,
569 208 692 245 Fragm.
709 206 739 243 7,
761 206 822 236 Ζεῦ
845 203 960 246 πάτερ,
982 204 1026 242 ὡς
1050 203 1224 246 Χαλύβων
1247 207 1320 237 πᾶν

65 253 229 287 &rissum
251 250 349 294 γένος
373 247 523 289 Τηλόθεν
549 249 762 281 ἀντέλλοντα
787 248 890 280 κακὸν
915 249 1020 289 φυτὸν
1046 246 1078 280 οἵ
1104 260 1164 291 μιν
1190 248 1319 292 ἔφηναν

65 297 236 340 (chalybs).
250 312 291 319 ·—·
309 293 445 336 [noceat]
462 297 470 311 ⁴
484 304 575 324 nemo
590 304 640 324 me
656 295 784 324 lacessat
798 293 931 332 injuria)
952 315 954 318 f

109 340 244 373 45—49.
267 335 450 380 [commorit]
467 340 476 354 ⁶
487 338 664 373 lacessierit,
682 336 875 376 provocarit-¹
904 336 978 366 Acr.
994 352 1037 358 --
1054 334 1188 376 [Flebit]
1210 338 1218 353 ‘
1230 337 1317 367 dole-

65 384 132 424 bit:
149 383 342 418 Graecismus,
357 379 530 421 οἰμώξεται
546 381 594 411 vel
617 378 805 411 κλαύσεται.
821 396 864 402 —-
881 377 1043 420 [insignis]
1068 384 1075 396 ‘
1088 380 1232 410 omnibus
1249 381 1316 420 jam

65 434 190 469 propter
202 426 434 466 perversitatem
450 430 540 454 notus
556 424 766 454 deridebitur!
815 423 951 459 Camari,
975 428 1009 452 ut
1028 422 1214 464 ὑμνεῖσθαι,
1231 424 1317 453 ‘om-

65 471 157 503 nibus
169 470 203 500 in
217 478 268 500 ore
283 478 360 504 esse,
377 474 407 498 et
422 468 550 507 quidem
566 477 636 497 cum
656 466 808 496 infamia)
823 483 867 488 —
882 469 890 482 ‘
901 467 1033 502 Cervius,
1049 468 1272 506 quadruplator
1286 472 1319 497 et

63 514 182 551 rabah,
197 512 320 543 Ascanii
330 511 375 551 (2)
391 512 531 548 libertus,
551 509 756 541 calumniator
776 510 932 540 accusavit
946 510 1005 540 Cn.
1022 509 1228 550 (Domitium)
1246 511 1318 540 Cal-

65 557 172 588 vinum
185 554 262 598 (cos.
280 563 392 586 A.u.c.
408 554 486 594 701)
504 555 606 592 legere
622 555 659 584 de
682 553 818 583 sicariis.’
856 555 963 583 Comm.
982 554 1032 583 Cr.
1078 555 1200 584 Servius
1215 554 1318 585 cadd.

65 600 138 632 Pon
151 605 232 630 esset
243 599 367 629 Servius
384 599 457 628 Pola
471 603 640 633 accusator,
655 598 696 627 de
709 607 771 636 quo
788 597 900 627 Caelius
915 597 955 626 ad
971 597 1057 627 Fam.
1075 597 1104 634 8,
1125 597 1173 627 12.
1198 597 1262 627 Cic.
1278 597 1319 627 ad

65 644 105 678 fl„
121 643 171 674 rr.
187 644 218 678 2,
237 642 285 678 13,
307 644 389 673 homo
405 646 483 672 teter
496 646 527 672 et
531 639 622 681 serus
636 641 714 670 Pola
728 641 857 671 Servius.
873 657 915 662 —-
932 638 1099 680 [Canidia]
1123 651 1147 670 s.
1165 641 1318 678 Grandia,

65 686 165 727 Bpod.
180 687 200 717 5
216 692 247 716 et
264 686 316 721 17.
351 686 414 716 Sat.
440 685 468 721 l,
491 685 520 714 8.
545 685 648 723 Junge
663 694 803 714 venenum
819 685 928 713 Albuti
940 695 951 713 .-
973 685 992 699 “
1005 684 1054 713 hic
1070 683 1153 713 enim
1171 684 1318 714 Albutius

62 738 183 761 meno
197 739 327 759 uxorem
339 738 428 758 suam
439 728 552 758 dicitur
563 727 760 768 peremisse.”
785 728 881 757 Schol.
890 743 934 748 -
944 725 1094 767 [Turius]
1112 727 1173 758 “C.
1188 727 1320 757 Turium

64 771 255 815 (Marinum)
278 771 432 810 significat
448 771 587 811 Judicem
609 770 906 810 corruptissimum.”
939 770 1046 801 Comm.
1073 769 1231 811 (In—[si
1247 772 1322 811 quid

62 827 96 848 κ
109 815 218 857 judice
233 814 345 856 certes]
363 815 482 846 Eadem
497 815 682 845 constructio
699 816 762 844 Sat.
778 815 808 851 2,
825 815 857 851 5,
873 813 925 851 27,
939 812 1012 854 soro
1033 815 1060 845 si
1080 824 1128 844 res
1151 816 1320 845 certabitur

107 902 244 933 50-52.
263 900 335 942 [Ut‚
350 899 423 942 quo]
445 902 453 917 ‘
466 901 516 931 Sic
530 899 704 940 colligendo
720 910 758 931 ex
775 899 977 940 argumentis,
993 911 1063 940 quae
1079 900 1134 930 tibi
1150 910 1321 940 proponam

65 944 290 987 (συλλογίζων
313 943 382 985 μετ’
406 943 499 985 ἐμοῦ)
517 945 635 984 judica,
656 945 811 983 quomodo
834 944 897 981 fiat,
922 950 957 974 ut
978 945 1016 974 ea
1039 944 1079 981 vi,
1104 945 1166 983 quii
1190 944 1322 984 quisque

64 989 200 1020 maxime
222 989 368 1028 praeditus
390 994 444 1024 est,
468 993 617 1018 terrorem
640 988 770 1018 incutiat
792 987 850 1017 sibi
866 988 1016 1027 suspectis
1031 994 1124 1028 atque
1139 988 1261 1018 exosis.’
1276 1004 1320 1010 -—

66 1029 163 1074 [mide
175 1030 252 1072 uisi]
269 1032 301 1062 in
317 1032 408 1071 prosa
422 1041 477 1069 οι,
493 1031 546 1061 ‘id
561 1032 645 1071 quod
668 1031 758 1061 unice
781 1031 864 1060 intus
880 1031 924 1060 eis
940 1036 1145 1061 monstratum
1162 1037 1208 1061 est
1219 1031 1238 1061 τ’
1262 1031 1322 1062 hoc

64 1082 169 1107 ntem
193 1075 342 1106 convertit
366 1075 399 1104 in
421 1074 717 1114 interrogationem:
748 1075 845 1105 ‘unde
872 1073 946 1114 (hoc
972 1074 1034 1113 eis)
1059 1079 1254 1105 monstratum
1276 1079 1323 1106 est

63 1119 126 1151 uici
138 1120 229 1155 intus,
244 1118 392 1149 instinctu
408 1118 542 1157 quodam
558 1118 714 1148 naturali?
726 1118 733 1131 ¹

39 1193 45 1199 ,
107 1161 243 1193 63-56.
268 1159 412 1202 [Scoeoa]
436 1162 572 1191 “Scaeva
590 1161 767 1191 luxuriosus
788 1161 915 1200 quidam
935 1161 1004 1198 fuit,
1026 1161 1079 1200 qui
1103 1166 1234 1191 matrem
1250 1161 1322 1191 dato

65 1214 184 1236 veneno
205 1205 336 1242 necavit,
358 1210 519 1244 propterea
541 1206 624 1244 quod
647 1204 675 1234 ei
699 1204 790 1234 nimis
814 1204 868 1234 diu
889 1205 1015 1235 viveret.
1062 1205 1112 1235 Sic
1135 1206 1244 1235 Cicero
1266 1215 1322 1244 pro

67 1249 181 1279 Scauro
197 1247 338 1288 (Fragm.
355 1248 458 1278 Beier.
475 1258 503 1287 p.
523 1246 612 1287 155),
629 1249 774 1278 Libertus
794 1252 954 1286 patronam
972 1259 1028 1278 non
1044 1249 1164 1284 occidit,
1179 1249 1233 1279 sed
1246 1249 1321 1278 duo-

67 1292 122 1323 bus
131 1293 271 1332 digitulis
282 1293 386 1332 gulam
398 1291 528 1322 oblisit.”
555 1292 662 1322 Comm.
676 1292 779 1321 Cr.—
789 1289 910 1332 [crede]
927 1293 934 1307 ‘
945 1292 1102 1321 committe
1115 1293 1186 1326 huic
1202 1289 1322 1332 ἀσώτῳ

66 1340 198 1366 matrem
213 1335 450 1365 incustoditam:
468 1344 542 1365 sane
558 1335 681 1370 dextra,
693 1335 756 1373 qua
767 1335 875 1374 utique
891 1335 960 1374 pius
972 1335 1032 1365 dici
1049 1341 1160 1374 potest,
1174 1345 1243 1365 eam
1260 1345 1323 1366 non

66 1378 254 1409 trucidabit)
269 1395 312 1400 —
328 1376 461 1418 [mirum,
484 1376 541 1418 Ut]
559 1378 682 1417 ‘AEque
697 1378 812 1407 mirum
834 1385 881 1408 est
903 1378 961 1408 boc
983 1385 1077 1417 atque
1099 1379 1177 1408 illud
1195 1379 1323 1417 quod-—

66 1421 147 1461 petit
160 1421 236 1457 bos,'
251 1421 284 1451 id
300 1429 357 1458 est,
373 1423 382 1438 ⁴
393 1427 537 1451 neutrum
553 1421 688 1460 profecto
702 1421 816 1450 mirum
832 1421 899 1451 est!
943 1422 951 1437 ‘
966 1421 1162 1452 Contrarium
1177 1422 1262 1451 enim
1278 1428 1325 1452 est

69 1466 183 1496 Scaevae
196 1465 294 1495 indoli
308 1465 388 1495 ferro
403 1465 544 1494 homines
559 1465 708 1500 occidere,
724 1465 778 1494 scd
793 1465 885 1494 homo
908 1465 1037 1503 ignavus
1060 1475 1116 1505 pro
1139 1466 1245 1495 doloso
1268 1475 1324 1495 suo

67 1508 195 1548 ingenio
219 1514 380 1548 promptus
403 1507 463 1538 erit
482 1508 522 1538 ad
545 1517 702 1538 venenum
725 1508 817 1538 matri
842 1507 1054 1538 miscendum:
1086 1518 1194 1548 reapse
1218 1514 1324 1538 autem

67 1557 199 1592 uterquc
221 1552 352 1582 necandi
380 1551 490 1582 modus
515 1561 603 1590 aeque
630 1552 796 1581 sceleratus
826 1551 891 1582 est!
906 1567 951 1572 ——
968 1551 1106 1590 [vitiato]
1140 1554 1324 1591 ‘postquam

71 1594 172 1626 cicuta
192 1605 212 1625 a
233 1596 339 1625 Scaeva
359 1594 503 1624 immixta
523 1595 662 1635 corrupit
684 1595 756 1631 mel,
779 1594 836 1625 hoc
857 1595 1036 1625 electarium
1057 1594 1240 1636 (electuary)
1261 1595 1326 1626 sive

41 1667 45 1670 .
68 1639 203 1669 mulsum
220 1638 287 1675 fuit,
303 1647 398 1668 anum
414 1638 544 1668 occidit:
1187 1648 1190 1651 ·

112 1681 250 1713 58——60.
266 1679 382 1722 [Mors]
395 1682 488 1720 alata,
497 1687 531 1711 ut
544 1682 610 1721 ejus
622 1681 725 1717 frater,
737 1682 880 1711 Somnus.
909 1680 1017 1721 Eurip.
1035 1681 1102 1711 Alc.
1114 1681 1187 1718 262,
1202 1691 1326 1723 πτερω-

69 1721 264 1762 τός“Αιὸ“ας.
309 1725 368 1755 Od.
383 1725 415 1762 2,
434 1724 483 1761 17,
498 1724 550 1755 24.
563 1741 606 1746 -
622 1722 788 1765 [jusserit]
811 1735 920 1755 omnes
942 1726 1003 1755 mei
1023 1730 1055 1755 et
1071 1725 1210 1755 Pottierii
1226 1726 1324 1756 Codd.

69 1767 194 1798 Luserit
215 1768 294 1798 illud
317 1769 388 1798 Feae
411 1768 589 1798 destituitur
611 1770 649 1798 ea
672 1769 865 1804 auctoritate,
888 1778 981 1807 quam
1005 1768 1038 1798 in
1061 1774 1124 1798 tam
1145 1769 1230 1808 gravi
1253 1779 1323 1798 mu-

69 1810 187 1842 tatione
201 1811 399 1850 requirimus.
444 1811 596 1841 Praeterea
611 1811 750 1841 Fortuna
772 1812 830 1842 dea
851 1818 934 1842 recte
951 1813 1055 1842 ludere
1071 1812 1184 1842 dicitur
1200 1811 1276 1852 (Od.
1293 1812 1326 1848 3,

71 1854 123 1891 29,
139 1853 196 1895 50)
213 1864 274 1884 non
290 1854 364 1884 item
377 1852 457 1894 fors.
469 1870 513 1876 -
529 1852 683 1894 [scribam
698 1853 792 1894 color]
811 1855 1017 1894 ‘Quicunque
1032 1855 1091 1885 erit
1106 1862 1195 1885 tenor
1209 1861 1323 1886 status-

93 1907 132 1928 ue
156 1898 227 1927 vitae
253 1907 342 1933 meae,
367 1898 500 1927 scribere
522 1907 659 1936 pergam,
686 1899 711 1928 si
732 1898 940 1938 qualicunque
965 1899 1057 1928 modo
1078 1904 1251 1929 commotus
1273 1908 1326 1929 ero

34 1964 35 1967 ,
70 1906 116 1982 ἓν.
129 1939 188 1981 45)
204 1941 371 1980 aequalium
387 1941 436 1971 vel
451 1940 532 1970 vitiis
547 1941 686 1971 ridiculis
701 1942 750 1972 vel
772 1942 805 1971 in
827 1952 877 1972 me
900 1942 1075 1981 iniquitate,
1100 1948 1131 1972 et
1153 1942 1326 1982 opprobriis

93 1984 101 1992 ‘
147 1994 181 2014 os
195 1983 390 2014 insectabor?

69 1983 250 2058 &ggii-62.
276 2025 321 2067 [O
338 2025 432 2067 puer]
456 2026 506 2057 Sic
521 2028 670 2066 juvenem
692 2027 790 2057 amice
812 2028 982 2068 alloquitur
999 2034 1091 2068 pater
1107 2026 1149 2068 (v.
1168 2026 1223 2067 12)
1247 2029 1324 2060 Tre-

70 2070 185 2101 buius.
201 2088 244 2094 —
260 2068 397 2111 [vitalis]
421 2080 468 2110 pr.
490 2070 563 2109 ‘qui
587 2071 627 2100 ad
649 2071 766 2101 diutius
789 2071 956 2102 vivendum
978 2073 1052 2102 satis
1075 2071 1190 2110 vigoris
1211 2071 1326 2103 habet)

18 2139 20 2141 ,
73 2112 140 2144 ⁸—He
155 2114 216 2144 cito
230 2124 349 2154 pereas,
360 2113 483 2143 metuo'
499 2112 533 2153 (I
537 2111 612 2153 fi’ar
626 2114 696 2144 thou
711 2115 776 2144 wilt
787 2119 838 2145 not
854 2117 887 2146 be
903 2114 1092 2155 long-lived).
1119 2114 1193 2144 Sine
1207 2115 1326 2155 figura:

54 2156 217 2195 svamm,
242 2167 282 2187 ne
304 2167 412 2187 omnes
434 2156 586 2186 irritando
609 2161 654 2187 tot
680 2163 842 2197 tantasque
872 2159 1028 2189 molestias
1054 2158 1167 2198 capias,
1198 2164 1232 2189 ut
1260 2165 1325 2190 tarn

46 2197 226 2240 'Quam
255 2200 350 2230 vitam
378 2201 445 2239 ipse
475 2200 682 2230 detestaturus
710 2200 1022 2242 sis.’—-[majorum]
1053 2201 1115 2231 ‘ne
1144 2201 1256 2241 aliquis
1285 2213 1325 2233 ex

72 2244 295 2301 mdoriPus
319 2243 426 2274 amicis
448 2243 646 2282 refrigeratus
666 2253 699 2274 se
720 2245 774 2274 abs
793 2250 823 2275 te
845 2246 1000 2275 abalienet
1018 2244 1246 2285 amicitiamque
1269 2246 1326 2277 tibi

74 2290 150 2317 nau

112 2293 252 2362 ›AEzitfi
277 2327 433 2371 [Primus]
457 2329 523 2360 cfr.
539 2329 601 2360 sat.
621 2330 648 2366 l,
670 2330 719 2367 10,
736 2331 785 2361 48.
801 2348 845 2354 —-
862 2331 1002 2370 [morem]
1029 2331 1135 2364 Quum
1156 2333 1326 2372 saepissime

70 2371 244 2413 Quum
257 2383 304 2406 vv.
319 2385 381 2405 mos
395 2374 554 2414 modusque
571 2371 646 2414 (Od.
662 2373 740 2448 4έὶἳέ
753 2372 824 2415 28),
840 2375 892 2406 hic
905 2375 1086 2415 simpliciter
1099 2385 1209 2407 morem
1224 2377 1327 2416 posuit
