1390 2586
138 128 194 167 28
498 138 755 165 SA'rmAnUM
786 138 871 167 Lm.
894 140 944 168 11.
964 130 1004 167 2.

141 237 374 291 Exspectat,
397 253 466 278 seu
492 237 605 277 Mors
625 237 719 278 atris
739 237 995 280 circumvolat
1013 238 1098 288 alis,

139 293 283 341 Dives,
306 294 442 348 inops3
478 293 630 341 Romae,
654 307 736 342 seu,
763 293 860 335 Fors
881 294 936 336 ita
948 295 1126 350 jusserit,
1149 296 1290 345 exsul3

141 349 338 403 Quisquis
361 349 435 390 erit
457 349 550 390 vitae
570 349 737 390 scribam
759 350 876 390 color.
938 351 978 391 O
998 366 1110 406 puer,
1133 361 1178 394 ut
1196 353 1249 394 sis
1305 357 1358 394 60

141 405 300 453 vitalis,
324 415 481 453 metuo;
513 414 552 446 et
573 406 767 459 majorum
790 421 840 446 ne
861 407 950 461 quis
969 407 1119 448 amicus

141 461 310 515 Frigore
333 471 370 501 te
392 462 517 502 feriat.
580 460 722 508 Quid?
753 477 876 516 quum
899 472 959 504 est
979 463 1160 505 Lucilius
1179 479 1300 506 ausus

140 518 300 558 Primus
323 518 361 556 in
384 517 489 558 hunc
510 518 640 571 operis
661 533 898 572 componere
920 519 1093 560 carmina
1112 535 1276 570 morem,

139 573 367 614 Detrahere
390 583 430 614 et
450 574 608 628 pellem,
632 574 782 614 nitidus
803 575 883 628 qua
903 575 1072 629 quisque
1093 590 1165 630 per
1184 591 1253 618 ora

142 630 331 677 Cederet‚
355 630 566 670 introrsum
590 630 738 683 turpis3
769 645 863 670 num
888 630 1036 672 Laelius
1055 642 1124 673 aut
1144 633 1214 687 qui
1308 636 1361 673 65

139 685 275 726 Duxit
295 686 344 725 ab
366 686 558 740 oppressa
577 687 762 726 meritum
787 686 1033 741 Carthagine
1055 702 1215 738 nomen,

142 742 316 796 Ingenio
338 742 476 782 offensi
497 752 565 782 aut
585 742 678 782 laeso
699 742 860 783 doluere
884 741 1087 784 Metello?

143 797 404 852 Famosisque
428 798 547 852 Lupo
567 808 754 853 cooperto
774 798 983 840 versibus?
1041 800 1171 854 Atqui

145 853 347 894 Primores
368 855 505 908 populi
526 854 704 908 arripuit,
727 855 1001 910 populumque
1021 855 1224 906 tributim3

144 909 306 950 Scilicet
329 910 395 950 uni
417 925 556 964 aequus
577 910 725 959 virtuti,
747 920 868 965 atque
889 912 976 966 ejus
995 912 1144 953 amicis.
1311 915 1363 954 70
1388 937 1390 943 2

143 965 256 1013 Quin
281 966 345 1006 ubi
367 981 408 1006 se
429 982 451 1006 a
473 966 594 1021 vulgo
615 974 655 1006 et
675 967 793 1007 scena
815 967 853 1007 in
876 977 1029 1009 secreta
1049 976 1250 1010 remorant

143 1022 284 1063 Virtus
307 1022 505 1077 Scipiadae
526 1031 566 1063 et
587 1022 692 1063 mitis
712 1023 909 1078 sapientia
930 1023 1044 1073 Laeli,

146 1078 301 1133 Nugari
324 1094 412 1118 cum
435 1079 517 1126 illo,
541 1087 581 1119 et
601 1079 781 1120 discincti
805 1079 954 1128 ludere,
976 1081 1104 1121 donec

143 1134 453 1189 Decoqueretur
474 1135 571 1183 olus,
590 1135 708 1176 soliti.
741 1135 952 1190 Quidquid
968 1151 1054 1177 sum
1072 1151 1162 1192 ego,
1185 1136 1366 1192 quamvis
1387 1147 1390 1190 j

146 1190 256 1231 Infra
281 1191 411 1231 Lucili
433 1206 595 1232 censum
617 1191 921 1246 ingeniumque,
944 1200 1079 1233 tamen
1098 1208 1163 1234 me
1312 1191 1390 1251 75}

147 1246 252 1287 Cum
275 1248 429 1302 magnis
451 1247 596 1287 vixisse
618 1247 744 1288 invita
763 1248 951 1289 fatebitur
972 1263 1099 1303 usque

147 1302 318 1351 Invidia,
343 1312 383 1343 et
404 1304 535 1357 fragili
558 1318 742 1357 quaerens
762 1304 917 1345 illidere
937 1304 1099 1346 dentem

147 1358 342 1399 Offeudet
362 1360 511 1399 solido:
546 1360 620 1399 nisi
643 1360 738 1414 quid
760 1369 816 1407 tu,
838 1360 953 1401 docte
976 1361 1157 1411 Trebati,

147 1415 361 1456 Dissentis.
423 1415 623 1469 Equidem
646 1416 743 1456 nihil
766 1416 858 1457 hinc
878 1417 1085 1458 diffindere
1105 1432 1288 1473 possum3
1385 1464 1390 1475 i

147 1471 228 1511 Sed
251 1480 397 1519 tamen,
422 1480 465 1512 ut
486 1472 658 1512 monitus
679 1487 830 1521 caveas,
853 1487 903 1513 ne
924 1473 1025 1514 forte
1046 1474 1185 1530 negoti
1315 1477 1387 1515 80*

146 1527 323 1568 Incutiat
344 1528 415 1568 tibi
438 1527 535 1581 quid
555 1536 777 1568 sanctarum
799 1529 954 1570 inscitia
973 1529 1132 1584 legum:

150 1583 194 1624 Si
215 1584 318 1624 mala
339 1584 560 1625 condiderit.
580 1584 620 1623 in
643 1599 763 1639 quem
785 1585 873 1639 quis
894 1586 1079 1634 carmina,
1095 1587 1164 1641 jus
1184 1593 1245 1627 est

146 1639 445 1694 Judiciumque.
508 1639 619 1688 Esto,
642 1641 674 1680 si
695 1641 783 1695 quis
805 1641 927 1681 mala:
958 1641 1027 1681 sed
1048 1641 1152 1684 bona
1171 1643 1205 1684 si
1225 1642 1315 1698 quis
1378 1678 1382 1679 γ

148 1695 292 1736 Judice
314 1696 538 1736 condiderit
557 1696 737 1737 laudatus
761 1696 951 1738 Caesare?
979 1698 1012 1738 si
1033 1698 1122 1752 quis
1371 1706 1383 1741 l

150 1751 390 1806 Opprobriis
410 1752 576 1806 dignum
600 1752 821 1802 latraverit‚‘
835 1753 994 1809 integer
1013 1753 1132 1809 ipse?
1318 1757 1381 1796 85'1

152 1808 367 1849 Solventur
388 1809 466 1849 risu
489 1808 656 1858 tabulae3
689 1817 732 1850 tu
753 1810 893 1850 missus
912 1810 1052 1851 abibis.
1375 1814 1385 1823 i

648 2018 803 2045 SATIRA
837 2020 883 2046 11.
901 2048 903 2050 ,

153 2089 260 2138 Quae
280 2091 417 2141 virtus,
441 2100 481 2133 et
501 2100 662 2147 quanta,
684 2093 791 2142 boni,
814 2094 866 2134 sit
886 2093 1019 2134 vivere
1038 2107 1173 2149 parvo,

157 2146 267 2199 (Nec
287 2163 400 2188 meus
421 2148 484 2188 hic
505 2164 634 2190 sermo
654 2159 727 2199 est,
749 2150 818 2190 sed
839 2165 929 2205 quae
949 2150 1139 2205 praecepit
1159 2148 1295 2190 Ofella

156 2202 360 2252 Rusticus,
382 2205 583 2245 abnormis
604 2206 776 2260 sapiens,
799 2207 1009 2262 crassaque
1032 2206 1242 2259 Minerva)

153 2259 325 2308 Discite,
349 2275 427 2300 non
449 2261 553 2302 inter
573 2262 706 2303 lances
727 2277 965 2316 mensasque
985 2262 1173 2311 nitentes,

153 2315 294 2364 Quum
313 2323 448 2372 stupet
468 2317 614 2359 insanis
635 2319 740 2360 acies
759 2319 995 2375 fulgoribus,
1017 2326 1058 2360 et
1077 2332 1202 2374 quum
1346 2319 1371 2356 5
