1390 2586
158 89 238 132 186
586 91 950 125 INTERPRETATIO.
1253 94 1372 136 [emar.

153 199 186 219 se
201 190 357 220 coleretur.
404 191 508 220 Custos
521 195 623 219 autem
638 197 669 220 et
683 192 800 221 satelles
812 191 958 230 imagines
973 197 1044 222 sunt
1059 193 1226 232 desumptae
1241 204 1258 224 a
1272 197 1378 230 virtu&

153 242 238 271 quam
255 233 373 269 regina.
1355 254 1368 266 ·,

198 275 245 310 18,
266 275 313 305 19.
339 273 385 313 [in
400 273 566 314 Aristippi]
590 274 651 304 Cic.
669 275 760 305 Aead.
777 276 806 311 2,
823 276 874 312 42,
898 277 1008 307 Eorum
1025 278 1077 316 qui
1097 279 1272 316 voluptatem
1288 281 1377 320 finem

154 317 290 346 bonorum
312 327 372 346 esse
396 318 546 347 voluerunt
567 318 705 355 princeps
719 319 893 357 Aristippus
909 319 1067 358 Cyrenaeus
1076 331 1088 353 ,-
1110 330 1128 349 a
1142 330 1203 358 quo
1219 321 1378 359 Cyrenaiei

152 368 176 389 s.
191 356 413 389 Ἠὃονικοί.--
426 357 484 398 [Et
499 357 586 398 mihi]
612 361 619 374 ‘
634 360 674 388 Et
697 360 772 389 mihi
790 359 879 399 (meae
903 362 1050 392 voluntati
1073 367 1103 392 et
1123 363 1313 402 constantiae)
1328 374 1390 401 rens

151 408 293 430 externas
316 403 508 440 subjungere,
532 399 785 442 ὑποζευγνύναι,
808 413 916 438 conor;
941 413 1000 432 non
1025 414 1073 434 me
1097 406 1186 434 rebus
1209 407 1374 445 subjungo5

151 442 183 472 in
199 453 235 472 eo
250 443 343 481 igitur
363 445 494 479 elaboro,
520 450 552 473 ut
575 454 661 482 aequo
685 445 786 474 animo
808 455 912 475 omnes
935 445 1063 476 fortunae
1078 447 1299 477 vicissitudines
1314 459 1375 480 sus-

151 485 276 522 tineam,
292 486 388 523 iisque
404 486 539 524 superior
554 486 621 522 sim,
632 488 703 516 dum
719 487 797 522 laeto,
810 489 862 516 sed
879 489 1034 518 moderato
1047 489 1115 518 vitae
1130 499 1187 519 usu
1202 496 1376 526 contentum

153 529 245 557 nullae
261 529 478 558 sollicitudines
493 534 619 566 angunt,
636 530 727 558 nullae
742 529 921 568 cupiditates
931 535 1132 561 transversum
1147 538 1242 570 agunt
1253 539 1376 566 vexant-

150 568 230 607 que.'
261 571 354 600 Recte
369 571 462 608 igitur
476 573 540 609 jam
557 571 674 601 Comm.
692 572 783 610 Cruq.
807 573 929 602 ‘Rebus
950 578 1018 602 utor
1039 573 1090 611 ita,
1114 579 1148 603 ut
1162 575 1205 605 eis
1220 575 1375 614 imperem,

150 621 211 642 non
227 619 339 648 autem,
355 619 389 642 ut
404 613 446 642 eis
461 613 590 642 serviam
606 620 639 642 ut
654 614 781 643 avarus!
1366 643 1367 646 ,

192 655 242 684 20.
267 653 405 694 [Restat]
432 656 591 684 ‘Ceterum
615 665 709 693 quum
731 657 822 686 etiam
845 666 926 687 nunc
947 657 1104 696 impediar,
1120 668 1180 696 quo
1200 659 1300 689 minus
1322 660 1377 691 ad·

149 697 260 735 spirem
285 698 324 727 ad
345 698 508 736 perfectam
530 698 719 737 sapientiam,
745 700 850 728 saltem
875 709 922 729 me
947 700 1047 739 ipsum
1069 699 1114 738 (id
1137 701 1219 739 quod
1240 702 1377 733 omnium

149 739 361 777 gravissimum
378 740 448 778 est),
462 750 564 778 regam
581 740 628 770 his
643 741 813 780 στοιχείοις
833 752 856 771 s.
879 742 1002 782 κυρίως
1024 740 1141 778 δόξαις,
1157 753 1232 781 quas
1247 754 1284 773 ex
1301 745 1377 777 mei·

149 782 412 820 qualibuscunque
427 783 585 821 sapientiae
602 783 709 812 studiis
732 784 880 813 deducere
902 791 992 823 atque
1015 786 1155 823 colligere
1177 787 1279 824 potui3
1302 787 1378 820 alio:

148 824 206 854 sibi
233 825 323 863 ipsos,
343 831 377 854 ut
399 826 514 860 volunt,
536 825 686 854 moderari
707 825 792 855 facile
814 827 931 864 patior;
960 828 1059 857 aliena
1083 830 1159 858 enim
1181 830 1299 867 negotia
1320 838 1377 860 non

148 876 228 902 euro,
244 872 277 896 ut
294 867 514 906 Damasippus!
527 884 569 889 -
585 865 692 907 [soler]
710 877 770 897 non
786 874 847 898 tam
862 869 894 898 in
910 870 999 899 rebus
1014 870 1157 904 adversis,
1173 880 1300 908 quarum
1323 881 1377 909 pen

147 913 243 938 totam
267 910 435 948 Epistolam
458 910 571 939 nullam
591 911 774 940 mentionem
797 911 876 945 facit,
899 921 1010 949 quam:
1034 912 1107 942 ‘ubi
1130 913 1262 943 minores
1285 922 1376 952 quam

147 952 256 980 vellem
273 961 447 990 progressus
462 952 538 982 facio
553 952 584 981 in
600 952 710 982 virtute
725 962 760 982 ac
775 953 942 991 sapientia!
952 970 994 974 —
1006 952 1192 993 [Elementa]
1207 961 1377 987 extenuem

147 993 231 1029 dicit,
247 995 332 1032 quasi
344 994 495 1024 doctrinas
506 995 740 1033 simplicissimas
752 1005 786 1025 ac
800 996 925 1026 minime
937 998 1097 1032 abstrusas,
1113 1003 1147 1026 ut
1157 997 1256 1036 quivis
1271 1007 1376 1028 earum

147 1036 306 1066 veritatem
321 1037 471 1074 intelligat
484 1037 581 1075 iisque
598 1038 640 1067 uti
655 1043 755 1075 queat.

190 1078 324 1108 21—24.
358 1077 684 1118 [oculo—contendere]
715 1079 874 1117 Significat
895 1080 990 1110 aciem
1017 1081 1172 1110 oculorum
1198 1083 1376 1120 extendere,

147 1120 278 1158 dirigere
301 1131 397 1159 usque
420 1122 458 1151 ad
482 1128 598 1151 certum
620 1122 723 1157 finem,
745 1122 882 1160 σκοπὸν,
901 1123 980 1152 ultra
998 1132 1087 1160 quem
1110 1123 1192 1152 cerni
1210 1125 1275 1163 jam
1299 1125 1376 1156 nihil

145 1168 263 1201 potest;
287 1164 458 1193 collineare.
503 1164 563 1193 Cic.
578 1165 615 1193 de
628 1164 686 1193 Off.
698 1164 727 1199 3,
742 1165 771 1199 2,
787 1169 928 1204 quantum
943 1166 1053 1195 conniti
1066 1167 1163 1195 animo
1173 1171 1264 1205 potes,
1280 1177 1376 1206 quam

147 1209 208 1236 tum
223 1206 322 1236 labore
337 1207 569 1236 contendere.——
579 1205 748 1245 [Lynceus]
767 1207 827 1236 Sat.
846 1207 874 1242 l,
891 1208 921 1244 2,
935 1207 985 1237 90.
996 1223 1039 1229 —
1053 1206 1139 1247 [Non
1155 1207 1267 1248 tamen]
1284 1212 1291 1225 ‘
1305 1210 1375 1244 Nou

146 1252 249 1277 tamen
270 1248 345 1277 adeo
367 1249 589 1286 desperandum
612 1249 649 1277 de
669 1249 734 1277 visu
758 1255 812 1285 est,
835 1254 870 1278 ut
891 1250 913 1279 si
934 1249 1098 1287 aliquando
1112 1251 1295 1289 lippitudine
1310 1253 1374 1290 (in⁴

138 1290 323 1327 flammation
339 1289 375 1328 of
390 1293 438 1321 tlte
453 1289 519 1330 eye)
537 1291 662 1326 labores,
678 1291 802 1329 collyria
816 1291 960 1321 adhibere
980 1292 1138 1330 curarique
1161 1293 1257 1323 nolis.’
1301 1294 1376 1324 Sino

145 1332 298 1370 imagine:
321 1335 328 1348 ‘
343 1333 373 1362 si
397 1333 606 1371 experimento
626 1334 704 1362 facto
726 1334 765 1362 ad
786 1343 940 1363 summum
959 1334 1110 1372 profectas
1124 1335 1250 1372 gradum
1267 1345 1374 1375 perves

146 1374 213 1404 nire
228 1374 345 1412 nequis,
365 1375 426 1404 noli
449 1375 518 1404 ideo
537 1376 696 1413 desperare
717 1385 751 1404 ac
773 1381 802 1405 te
823 1386 945 1415 prorsus
966 1377 1128 1414 negligere.
1176 1378 1277 1408 Prima
1298 1380 1375 1408 enim

145 1422 310 1456 sequentem
331 1419 480 1447 honestum
502 1420 545 1447 e'st
569 1419 600 1447 in
625 1418 759 1447 secundis
778 1419 929 1458 tertiisque
950 1419 1126 1449 consistere-⁵
1152 1418 1228 1457 (cic.
1251 1421 1303 1450 Or.
1328 1418 1375 1460 1.)

146 1459 245 1497 Glyco
268 1466 369 1489 autem
393 1461 508 1489 athleta
526 1460 761 1496 robustissimus,
783 1467 880 1498 poetae
902 1461 1036 1498 aequalis.
1052 1477 1094 1482 —
1111 1460 1290 1502 [cheragra]
1311 1463 1374 1492 Sat.

148 1501 176 1538 l,
191 1501 220 1537 7,
239 1501 287 1537 16,
303 1511 341 1531 ex
355 1503 416 1540 qua
431 1502 570 1532 oriuntur
586 1503 657 1531 nodi
672 1503 704 1531 in
717 1502 879 1541 digitorum
895 1503 1037 1532 articulis.

187 1544 320 1579 25—27.
347 1543 491 1584 [quadam
508 1546 627 1584 prodire
642 1542 742 1583 tenus]
766 1554 819 1583 per
834 1545 942 1574 tmesin
957 1554 1012 1583 pro
1027 1546 1246 1584 quadamtenus,
1263 1547 1374 1576 eadem

144 1586 381 1616 conformatione
405 1587 560 1622 feminina,
581 1587 642 1624 qua
662 1592 733 1616 sunt
754 1591 906 1626 quatenus,
927 1588 1123 1627 aliquatenus,
1148 1590 1297 1625 hactenus,
1321 1599 1372 1619 ea-

145 1633 239 1664 tenus,
255 1630 413 1659 illatenus:
437 1630 524 1658 ‘licet
546 1629 684 1667 progredi
708 1639 803 1667 usque
825 1629 864 1658 ad
886 1635 1001 1659 certum
1018 1630 1171 1668 quendam
1188 1631 1372 1661 terminum!

145 1669 288 1710 [Fervet]
313 1672 406 1701 veluti
431 1672 468 1700 de
490 1671 566 1700 febri
589 1671 731 1709 loquitur.
745 1687 788 1692 —
806 1670 998 1711 [miseroque]
1021 1673 1078 1702 Od.
1093 1673 1122 1708 2,
1138 1673 1186 1708 16,
1204 1673 1251 1707 10,
1274 1675 1374 1704 miseri

144 1714 287 1743 tumultus
300 1715 413 1743 mentis.
460 1715 572 1752 Cupido
587 1714 668 1752 apud
686 1714 760 1743 Hor.
776 1723 894 1752 semper
911 1724 979 1752 gen.
994 1724 1085 1744 masc.
1109 1715 1257 1745 Remedia
1270 1722 1372 1745 autem

143 1764 183 1784 ex
206 1755 405 1794 philosophias
425 1755 478 1785 illa
498 1763 592 1794 parte,
617 1766 685 1794 quae
706 1757 746 1786 ad
768 1766 866 1786 mores
888 1762 1011 1795 spectat,
1031 1757 1104 1788 scite
1127 1763 1282 1796 comparat
1303 1767 1372 1788 cum

144 1794 296 1836 ἐπῳδαῖς,
311 1798 500 1828 cantionibus
521 1808 544 1828 s.
563 1798 747 1828 carminibus
769 1799 904 1837 magicis,
922 1799 1031 1836 quibus
1046 1799 1137 1829 etiam
1153 1800 1262 1830 medici
1277 1800 1372 1829 inter-

143 1840 218 1869 dum
234 1841 277 1869 uti
294 1841 449 1870 solebant:
473 1851 553 1871 voces
568 1839 664 1878 magis
685 1841 723 1870 ad
744 1841 940 1880 symphonias
958 1841 1064 1876 refero,
1080 1842 1190 1879 quibus
1210 1842 1319 1871 medici
1341 1846 1372 1872 et

142 1883 224 1920 magi
239 1883 374 1912 carmina
389 1883 440 1911 illa
455 1892 564 1912 arcana
579 1883 809 1913 comitabantur.
824 1899 866 1905 —
882 1881 1040 1923 [dolorem]
1059 1884 1067 1899 ‘
1077 1883 1302 1914 molestissimas
1317 1885 1372 1914 has

141 1924 236 1954 animi
253 1925 492 1964 perturbationes
502 1925 519 1960 ς’
536 1926 648 1954 morbos
659 1926 823 1964 philosophi
836 1927 995 1964 appellant.
1023 1926 1100 1964 (Cic.
1118 1926 1206 1956 Tusc.
1223 1927 1253 1961 3,
1268 1925 1312 1965 4.)

184 1967 235 2003 29,
260 1967 310 1997 30.
345 1965 442 2006 [certa
470 1966 606 2006 piacula]
629 1967 809 2006 ‘praesentia
832 1978 866 1997 ac
889 1970 1013 2006 probata
1036 1968 1190 1999 remedia!
1217 1969 1370 2001 Quoniam

141 2011 345 2048 antiquissimo
370 2014 494 2048 tempore
517 2012 608 2039 morbi
631 2011 672 2040 ad
694 2011 769 2039 iram
792 2011 909 2040 deorum
934 2012 1140 2041 immortalium
1163 2009 1371 2050 referebantur

143 2050 266 2090 (Celsus
285 2052 370 2081 Praef.
395 2051 438 2090 l),
468 2052 531 2081 haec
551 2058 621 2082 ante
645 2052 747 2081 omnia
773 2050 964 2092 καθάρμασι,
990 2053 1144 2082 sacrificiis
1165 2053 1316 2092 expianda
1339 2058 1371 2083 et

140 2095 290 2132 placanda
313 2099 397 2128 erat3
421 2094 491 2123 hinc
512 2104 586 2124 nove
608 2095 829 2124 medicamenta
848 2095 913 2133 ipsa
930 2096 1051 2134 piacula
1072 2101 1166 2126 vocat.
1209 2096 1277 2125 Jam
1298 2105 1370 2126 vero

140 2136 206 2166 haec
222 2137 443 2166 medicamenta
457 2144 527 2166 sunt
542 2137 725 2175 sapientium
740 2137 859 2176 scripta,
875 2147 942 2175 qum
964 2137 1162 2167 attentissime
1183 2142 1214 2166 et
1233 2137 1336 2167 animo
1350 2147 1371 2168 a

139 2179 419 2217 perturbationibus
440 2189 530 2218 quam
553 2179 685 2208 maxime
705 2188 799 2208 vacuo
818 2180 917 2217 legere
940 2189 974 2210 ac
993 2180 1133 2210 meditari
1146 2180 1300 2214 debemus,
1316 2189 1368 2209 eo-

140 2230 269 2259 rumque
284 2221 409 2251 consilia
423 2221 519 2260 sequi.
565 2223 583 2252 J
587 2231 667 2262 unge
683 2226 728 2252 ter
742 2223 824 2258 lecto,
839 2231 899 2252 non
914 2226 959 2252 ter
969 2232 1046 2261 pure
1062 2231 1116 2252 nec
1131 2226 1176 2252 ter
1185 2232 1262 2261 pure
1277 2229 1307 2252 et
1323 2226 1369 2252 ter-

140 2263 224 2294 lecto.
