1390 2586
135 113 216 154 190
564 110 931 142 mraammmro.
1235 109 1366 151 [nrmv

174 213 225 242 80.
251 210 376 250 [Lectus
387 209 532 250 genialis]
553 210 632 248 “qui
653 209 690 239 ·in
712 210 789 240 atrio
811 211 954 239 adversus
975 214 1094 247 portam
1116 211 1305 240 sternebatur
1324 210 1357 242 R

131 255 278 284 honorem
306 254 429 283 Genii.”
467 254 582 288 Festus,
606 263 635 291 p.
660 252 729 288 160,
757 253 854 282 Amst.
903 251 1038 282 Genialis
1059 252 1109 281 liic
1130 252 1225 281 lectus
1251 252 1363 291 cuiqffl

133 298 257 326 domum
273 296 398 325 intranti
416 295 537 333 signum
551 300 615 324 erat
630 297 792 333 conjugum
807 304 862 333 par
876 294 907 324 in
922 295 960 324 ea
974 294 1127 329 habitare,
1149 303 1218 323 nam
1234 294 1359 325 muliere

132 340 253 368 mortua
271 339 316 367 vel
333 343 398 375 post
414 338 576 367 divortium
592 347 660 366 cum
677 338 713 366 εὲ.
728 337 850 371 factum,
865 337 1035 366 tollebatur.
1339 342 1354 353 '⁴

175 381 309 411 84—86.
335 378 430 419 [ride]
449 382 456 396 ⁴
470 381 509 409 Et
525 385 568 415 tu,
585 379 748 415 Maecenas,
764 386 794 409 et
808 377 982 417 quicunque
1002 379 1066 408 haec
1085 378 1178 416 leget,
1191 378 1292 414 habet,
1306 382 1359 419 eug

131 423 252 459 rideat‚’
270 424 324 452 &c.
372 422 552 452 Bentleiano
573 421 617 450 illi
632 422 726 451 viden’
746 426 780 451 ut
798 422 880 450 locus
902 427 947 450 est
968 421 1068 460 potius
1089 420 1121 450 in
1142 420 1310 450 actionibus
1328 422 1360 452 68

132 466 248 496 eventis
272 465 441 502 improvisis
464 470 494 494 et
515 464 746 493 admirationem
772 463 981 493 excitantibus.
997 478 1039 485 —
1055 461 1237 502 [caenacula]
1255 460 1359 503 Van-ni

133 509 168 538 L.
187 509 220 538 L.
237 509 266 543 5,
283 517 310 546 p.
330 507 396 537 162.
412 509 541 545 Speng.:
565 507 622 536 Ubi
637 508 802 543 coenabant,
814 506 1030 535 coenaculum
1051 507 1240 538 vocitabant,-
1260 508 1361 544 posteo

132 561 220 590 quam
240 552 271 579 in
293 552 442 588 superiore
467 553 556 587 parte
577 550 718 578 coenitare
741 552 902 586 caeperunt,
923 549 1082 586 superioris
1103 549 1203 577 domus
1225 549 1360 579 univerae

132 593 317 623 coenacula
341 593 431 621 dicta.
477 592 563 620 Talia
584 597 686 622 autem
707 591 857 620 coenacula
876 591 1028 620 meritoria
1042 588 1141 629 (suet.
1157 590 1217 619 vit.
1238 588 1272 628 7)
1289 587 1364 620 εοηῑῖ

132 636 284 665 ducebant
306 635 444 663 homines
469 632 630 662 tenuiores.
650 649 692 655 -—
716 631 870 672 [conducto
891 630 1024 672 navigio]
1049 632 1184 661 ‘Navem
1206 632 1360 665 interdum

132 677 284 712 conducit,
301 677 475 715 locupletes,
491 675 542 714 qui
565 676 700 714 proprias
723 677 845 711 habent,
867 675 898 703 in
922 683 958 703 eo
977 675 1084 703 saltem
1102 674 1307 709 aemulaturus,
1326 677 1363 705 ut

132 720 197 758 ipse
212 729 333 758 quoque
348 720 379 747 in
396 720 493 747 locum
509 718 642 755 aliquem
656 727 820 753 amoenum,
839 717 931 746 veluti
949 716 1049 751 Baias,
1064 717 1200 752 vehatur,
1216 725 1310 753 quum
1325 722 1367 747 eo*

132 768 233 791 tamen
258 762 449 790 incommodo
473 766 506 789 ut
528 769 615 798 aeque
640 767 730 798 atque
756 760 799 788 illi
825 763 954 795 nauseet,
984 758 1104 798 proprifi
1130 758 1362 797 signification&

133 804 285 845 ναυτιᾷν,
308 808 336 832 to
359 805 392 833 be
410 803 608 833 sea-siclr.’—
621 801 741 842 [priva]
766 805 773 818 ‘
787 802 839 831 uni
860 801 1001 840 propria.'
1045 802 1063 816 “
1077 801 1180 830 Privos
1202 795 1364 839 privasqufl'

132 848 250 885 antiqui
274 846 415 876 dicebant
434 855 489 884 pro
512 845 670 883 singulis.'’
692 845 808 875 Festus.
822 860 865 866 --
881 841 1045 883 [triremis]
1066 852 1120 882 pro
1136 843 1270 882 qualibet
1285 843 1363 875 nav&

131 899 255 928 majore.
1354 892 1363 902 ’

174 932 225 967 87.
259 931 370 966 Quid,
396 931 477 969 quod
502 935 545 966 tu,
573 929 681 959 dilecte
706 929 866 966 Maecenas,
887 927 952 967 ipse
977 927 1131 957 interdum
1151 927 1268 966 judicia
1289 926 1364 959 fad·

132 975 234 1004 minus
248 974 351 1003 recta?
377 974 466 1002 Velut
481 982 574 1011 quum
591 981 639 1001 me
658 971 738 1000 rides
757 977 878 1010 propter
892 972 988 1000 levem
1009 970 1142 1008 aliquam
1157 980 1192 999 ac
1206 969 1365 1001 fortuitan'w

132 1017 164 1046 in
188 1017 292 1045 habitu
317 1017 460 1054 cultuque
482 1014 708 1052 negligentiam,
730 1023 785 1042 nec
807 1023 879 1042 vero
898 1014 987 1050 longe
1007 1014 1122 1052 majora
1141 1012 1224 1048 vitia,
1246 1012 1277 1041 in
1293 1021 1365 1050 qua

132 1059 263 1088 subinde
279 1059 389 1093 incido,
405 1057 603 1096 reprehendis
615 1062 646 1085 et
660 1056 796 1094 castigas,
812 1056 843 1084 id
859 1056 939 1093 quod
956 1061 1056 1084 tamen
1072 1054 1116 1083 tui
1131 1054 1207 1083 foret
1218 1054 1362 1091 officium,

133 1111 227 1139 quum
238 1102 277 1130 sis
287 1102 460 1139 praecidium
472 1100 655 1138 columenque
670 1107 772 1127 meum
785 1097 858 1136 (Od.
874 1098 899 1133 l,
915 1097 943 1135 l,
958 1098 986 1126 2.
1009 1097 1039 1132 2,
1052 1096 1100 1132 17,
1111 1095 1146 1135 4)
1159 1095 1261 1134 itaque
1277 1096 1362 1127 cordi

133 1144 187 1173 tibi
212 1153 277 1173 esse
300 1145 419 1180 debeat,
440 1147 474 1171 ut
495 1142 547 1170 illa
569 1141 740 1179 deponam!
755 1156 797 1161 ———
814 1137 965 1179 [curatus]
980 1140 1158 1168 curationem
1177 1140 1284 1178 capitis
1305 1139 1360 1177 pro

132 1190 247 1224 comptu
262 1186 340 1214 dixit
360 1186 450 1214 etiam
468 1185 588 1213 Petron.
606 1183 672 1218 107.
687 1199 730 1204 —
746 1181 903 1221 [inaequali
925 1179 1054 1220 tonsore]
1071 1181 1141 1219 ‘qui
1163 1186 1286 1221 propter
1302 1181 1360 1210 im*

133 1229 273 1267 peritiam
289 1227 479 1265 inaequaliter
495 1227 599 1255 tondet
615 1226 772 1254 dexterum
789 1231 818 1253 et
839 1225 948 1253 laevum
970 1223 1076 1262 capitis
1091 1223 1188 1252 latus!
1234 1223 1364 1254 Curam

133 1277 235 1300 autem
251 1275 364 1300 tonsore
381 1275 414 1298 ut
429 1270 487 1299 Od.
506 1268 532 1305 l,
549 1268 579 1304 6,
597 1269 625 1304 2,
641 1268 786 1297 Scriberis
806 1266 886 1297 alite.
932 1265 1021 1296 ovid.
1037 1266 1110 1295 Met.
1126 1265 1156 1302 7,
1170 1265 1221 1302 50,
1236 1270 1363 1296 matrum

133 1315 316 1343 celebrabere
331 1313 431 1341 turba.

176 1355 226 1385 88.
251 1352 410 1395 [Occurri]
428 1352 598 1393 ἀορίστως,
611 1351 749 1390 ‘quoties
767 1351 840 1380 forte
861 1351 914 1380 tali
934 1350 1041 1380 habitu
1057 1349 1195 1388 neglecto
1211 1359 1312 1380 coram
1331 1354 1362 1380 te

134 1398 255 1428 versor)
269 1413 312 1419 —
329 1394 505 1436 [subucula]
524 1396 626 1424 tunica
641 1394 766 1423 interior
780 1394 860 1422 linea
875 1394 922 1422 vel
944 1393 1077 1432 byssina.
1110 1393 1204 1422 Varro
1217 1402 1265 1432 ap.
1282 1393 1363 1423 Non.

134 1451 164 1479 p.
187 1440 258 1476 542,
284 1440 377 1469 Merc.
400 1439 596 1477 Posteaquam
618 1438 702 1466 binas
725 1438 840 1465 tunicas
860 1436 967 1466 habere
989 1439 1150 1474 coeperunt,
1170 1436 1364 1465 instituerunt

133 1493 236 1513 vocare
251 1483 460 1512 subuculam
477 1478 638 1518 (virorum)
656 1484 684 1508 et
699 1480 879 1508 indusium
896 1475 1117 1516 (feminarum).
1157 1480 1166 1493 ⁴
1179 1477 1252 1506 Haec
1267 1477 1362 1506 inter-

134 1527 218 1561 dum,
236 1525 307 1563 quia
330 1524 431 1553 minus
452 1533 519 1552 eam
539 1532 620 1555 curo,
641 1521 751 1550 detrita
772 1525 827 1556 est,
847 1522 948 1550 tunica
965 1530 1053 1559 pexa,
1074 1519 1106 1548 id
1128 1524 1183 1554 est,
1206 1529 1311 1548 recens
1332 1523 1364 1549 et

135 1568 240 1606 spissa.
257 1567 336 1596 villis
358 1566 456 1605 planis
478 1571 509 1594 et
531 1564 631 1603 politis
654 1569 805 1592 texturam
830 1562 1011 1600 tegentibus,
1035 1562 1163 1599 talisque
1179 1561 1361 1599 discrepanti

135 1610 298 1639 ridiculum
315 1619 386 1638 sane
399 1609 512 1647 praebet
528 1612 692 1645 aspectum,
709 1612 738 1634 et
760 1604 899 1634 similiter
922 1605 973 1634 ubi
995 1605 1066 1642 togfi
1088 1604 1189 1632 minus
1207 1604 1364 1641 eleganter

135 1662 226 1690 quam
243 1662 324 1680 nunc
338 1652 445 1684 solent,
467 1650 517 1688 qui
538 1648 657 1678 ornatui
679 1648 812 1683 student,
834 1647 960 1676 amictus
983 1656 1061 1681 sum,
1081 1645 1123 1675 ita
1137 1651 1171 1675 ut
1185 1646 1264 1675 male
1285 1645 1363 1676 mihi

135 1695 248 1727 sedeat,
263 1704 300 1722 ex
315 1694 436 1730 unaque
451 1698 537 1731 parte
552 1690 647 1728 magis
662 1690 773 1719 defluat
790 1699 880 1727 quam
897 1699 933 1718 ex
949 1689 1065 1718 altera?
1090 1687 1167 1727 (Sat.
1186 1686 1212 1723 l,
1227 1688 1257 1724 3,
1270 1686 1338 1725 31.)

177 1736 312 1767 92-96.
337 1732 495 1775 [AEstuat]
517 1734 543 1762 A
559 1733 699 1762 fluctibus
720 1732 812 1761 maris
831 1733 870 1760 ad
885 1732 1020 1760 animum
1036 1731 1177 1760 transfert
1192 1731 1283 1759 etiam
1299 1730 1364 1760 Cio.

136 1779 207 1809 Acc.
231 1779 260 1813 2,
286 1778 336 1807 30.
351 1793 393 1798 -
407 1773 618 1816 [disconvenit]
643 1776 768 1804 verbum
792 1774 1004 1810 Horatianum,
1028 1782 1082 1812 pro
1097 1773 1277 1808 ‘discordat,
1300 1772 1363 1802 dis-

136 1821 256 1860 crepet-³
289 1821 365 1858 Epp.
390 1820 410 1848 i.
438 1818 485 1854 14,
513 1818 559 1852 18,
586 1828 641 1847 non
665 1818 766 1846 eadem
789 1818 952 1850 nummum
979 1826 1012 1846 eo
1035 1817 1263 1845 disconvenit
1286 1816 1365 1845 inter

136 1865 245 1903 Meque
266 1867 296 1892 et
318 1867 407 1892 te.—
421 1858 558 1900 [Diruit]
583 1861 642 1889 Sal.
660 1860 726 1889 Cat.
741 1859 792 1890 20.
812 1859 896 1888 Νουα
918 1859 1051 1893 diruunt,
1074 1857 1137 1887 alia
1154 1858 1309 1895 aedfflcant.
1322 1872 1365 1878 -

139 1901 516 1946 [Insanire—sollemnia]
539 1909 572 1931 ut
587 1904 648 1931 Sat.
665 1902 694 1937 2,
709 1901 739 1935 3,
755 1901 805 1936 63,
821 1902 950 1930 insanire
964 1910 1100 1934 errorem,
1116 1902 1123 1916 ‘
1134 1900 1262 1929 delirare
1277 1898 1364 1928 solito

137 1958 248 1983 errore,
273 1947 529 1986 quemadmodum
549 1945 664 1974 faciunt
683 1953 787 1972 omnes
804 1943 865 1978 alii,
887 1943 964 1972 adeo
977 1949 1010 1972 ut
1025 1950 1124 1980 neque
1137 1941 1294 1979 castigatio
1309 1950 1366 1970 nec

137 1990 299 2028 singularis
322 1989 425 2027 aliqua
446 1997 518 2017 cura
538 1987 614 2016 mihi
639 1986 812 2015 adhibenda
831 1985 889 2014 sit.'
904 2001 946 2006 —
962 1981 1139 2024 [curatoris]
1164 1983 1310 2013 ‘Furioso
1334 1988 1367 2012 et

138 2033 273 2063 dementi
302 2038 421 2060 curator
447 2031 532 2069 isque
559 2039 613 2068 per
635 2034 794 2067 praetorem
823 2028 984 2056 deficiente
1009 2025 1144 2065 legitimo
1168 2025 1297 2055 dabatur
1326 2034 1365 2054 ex

138 2077 205 2114 lege
227 2083 287 2104 xn.
305 2074 499 2108 Tabularum,
523 2074 625 2101 insano
639 2071 686 2100 vel
707 2071 797 2100 ctulto
814 2070 878 2099 solo
895 2069 1031 2108 praetoris
1051 2068 1168 2098 edicto)
1203 2068 1366 2097 Obban—

139 2116 253 2158 [rerum
269 2118 362 2146 tutela
376 2112 520 2153 mearum]
545 2123 605 2143 non
623 2116 631 2129 ‘
642 2113 742 2147 tutor,'
760 2118 792 2141 ut
807 2112 894 2141 multi
910 2112 1025 2147 volunt,
1041 2111 1094 2140 aed
1109 2109 1321 2149 ‘praesidium’

181 2159 232 2194 97.
257 2160 307 2190 98.
342 2153 631 2197 [et—stomacheris]
662 2154 865 2192 ‘quamquam
891 2163 924 2183 es
949 2162 1051 2183 meum
1075 2152 1248 2192 praesidium
1274 2157 1366 2190 atque

139 2202 274 2240 alioquin
301 2211 338 2230 ex
363 2200 456 2229 animi
480 2199 524 2228 tui
548 2197 701 2227 sententis}¹
723 2198 854 2235 meaque
879 2197 979 2232 causa,
1005 2205 1043 2225 ne
1065 2195 1201 2224 deridear
1224 2194 1365 2230 abluitis,

136 2253 220 2282 aegre
245 2244 314 2279 fers,
338 2243 363 2271 si
390 2243 436 2271 vel
464 2241 495 2270 in
525 2251 557 2270 re
585 2240 696 2269 nullius
718 2238 864 2267 momenti
886 2248 904 2267 a
925 2238 994 2267 vitae
1016 2237 1173 2276 elegantiae
1195 2236 1312 2271 recedo,
1335 2241 1367 2265 et

140 2288 278 2316 decorem
294 2284 434 2322 negligo!
446 2300 488 2306 —-
501 2282 564 2323 [De
580 2287 607 2312 le
618 2279 790 2321 pendentis]
815 2283 823 2296 ‘
833 2282 895 2311 who
909 2282 1002 2320 hange
1015 2290 1090 2318 upon
1104 2289 1160 2318 you
1173 2278 1193 2308 :'
1209 2288 1269 2307 non
1286 2279 1294 2294 ‘
1304 2279 1367 2308 who

142 2331 169 2359 is
190 2328 353 2368 dependent
375 2337 410 2357 on
432 2326 563 2366 you.’—
577 2323 622 2365 [te
645 2321 844 2363 respicientis]
873 2323 940 2353 ‘cui
963 2323 994 2352 in
1019 2322 1107 2352 dictis
1128 2321 1274 2359 factisque
1297 2325 1365 2350 tuos
